3008 4800
745 184 801 249 111

268 368 371 431 usque
393 345 474 411 adeo
496 355 531 411 ut
553 346 642 411 vitae
664 346 750 411 desit
772 348 861 412 locus
882 355 982 432 atque
1002 346 1126 410 animai

267 449 443 536 diruptus
464 459 573 535 pares
594 472 652 536 per
673 450 782 514 auus
803 450 944 534 torporis
964 422 1094 569 omniq

267 553 324 616 sed
346 553 536 639 plerumque
559 553 597 616 fit
619 553 655 616 in
676 574 803 617 summo
825 553 918 638 quasi
939 574 1071 637 corpore
1094 551 1168 616 finis
1225 616 1231 629 ,

269 654 430 719 motibus:
461 655 544 719 hanc
566 654 608 718 ob
630 676 699 718 rem
720 654 823 718 vitam
845 654 985 718 retinere
1010 634 1177 746 valemus.)
1212 656 1220 664 ’

313 757 411 821 Nunc
433 779 473 821 ee
493 779 558 842 quo
580 765 675 842 pacto
697 757 783 820 inter
804 778 874 820 sese
897 755 1001 819 mixta
1022 755 1205 841 quibusque

270 868 402 944 compta
423 859 527 924 modis
549 860 682 944 vigeant
703 859 863 923 rationem
885 859 1019 923 reddere
1041 868 1192 924 aventem

270 963 431 1027 abstrahit
452 962 596 1028 invitum
619 961 718 1047 patrii
739 960 895 1025 sermonis
916 969 1061 1045 egestes3

270 1069 328 1134 sed
351 1077 472 1144 tamen,
493 1076 533 1133 ut
553 1075 675 1153 potero,
702 1065 901 1141 summatim,
922 1063 1094 1151 attingere,
1116 1022 1275 1151 tangaml

271 1172 357 1237 inter
379 1171 467 1236 enim
489 1178 621 1235 cursant
642 1169 818 1254 primordia
839 1168 1072 1254 principiorum

269 1275 413 1339 motibus
434 1275 522 1338 inter
542 1295 586 1347 se,
607 1272 655 1336 nil
677 1279 716 1336 ut
737 1272 897 1336 secernier
918 1294 1022 1335 unum

270 1377 373 1463 possit
395 1399 455 1441 nec
477 1376 584 1461 spatio
606 1375 676 1440 fieri
697 1375 801 1439 divisa
822 1383 975 1461 potestas,

270 1479 328 1543 sed
351 1478 443 1564 quasi
465 1476 589 1541 multae
613 1477 660 1542 vis
683 1477 780 1541 unius
801 1477 941 1562 corporis
963 1435 1100 1586 extantl

272 1581 360 1667 quod
381 1602 486 1668 genus
507 1579 543 1644 in
565 1579 679 1665 quovis
699 1579 904 1644 animantum
927 1579 1048 1644 viscere
1069 1579 1163 1665 volgo

268 1691 320 1748 est
342 1682 419 1747 odor
441 1690 476 1747 et
499 1681 632 1767 quidam
653 1682 738 1746 color
759 1690 794 1746 et
816 1704 919 1768 sapor,
941 1690 1109 1746 ettamen
1131 1704 1172 1745 ex
1194 1681 1246 1746 his

269 1785 420 1851 omnibus
442 1794 492 1849 est
514 1807 617 1849 unum
639 1785 819 1871 perfeetum
841 1785 980 1870 corporis
1002 1756 1169 1880 augmenl

273 1890 319 1954 sic
341 1888 427 1953 calor
448 1899 548 1974 atque
570 1910 626 1952 aer
647 1897 682 1953 et
704 1890 797 1954 venti
818 1911 913 1954 caeca
934 1897 1078 1975 potestas

272 1992 376 2056 mixte
397 2000 508 2057 creant
530 2015 629 2056 unam
652 2001 803 2057 naturam
825 2002 859 2058 et
881 1994 1010 2059 mobilis
1032 1994 1089 2060 illa

271 2095 328 2171 vis,
350 2094 471 2159 initum
493 2103 602 2160 motus
623 2095 665 2160 ab
687 2117 721 2160 se
743 2118 827 2181 quae
849 2096 969 2162 dividit
990 2097 1071 2174 ollis,

269 2198 405 2263 sensifer
427 2199 514 2263 unde
536 2199 639 2262 oritur
659 2199 802 2284 primum
824 2200 1027 2284 perviscera
1050 2179 1181 2303 motus!

270 2323 348 2365 nam
370 2301 503 2386 penitus
524 2323 671 2385 prorsum
694 2301 776 2366 latet
798 2302 878 2367 haec
899 2313 1018 2367 natura
1039 2304 1215 2389 subestque

271 2426 331 2469 nec
354 2403 456 2489 magis
479 2404 539 2468 hac
560 2404 645 2468 infre
666 2405 839 2491 quicquam
862 2405 970 2470 estin
992 2428 1122 2492 corpore
1144 2416 1252 2473 nostro

270 2516 370 2593 etque
392 2507 501 2572 anime
523 2515 572 2572 est
594 2507 721 2572 animae
743 2531 895 2594 proporro
917 2510 1019 2575 totius
1041 2478 1136 2597 ipsel

271 2610 358 2696 quod
379 2631 483 2697 genus
504 2609 540 2672 in
561 2610 680 2674 nostris
702 2611 855 2675 membris
878 2620 912 2676 et
934 2634 1064 2698 corpore
1088 2620 1157 2678 toto

272 2714 375 2779 mixta
397 2714 502 2778 latens
524 2715 625 2778 animi
649 2715 697 2780 vis
719 2724 769 2780 est
792 2716 985 2802 animaeque
1007 2725 1160 2802 potestas,

271 2817 456 2903 corporibus
478 2818 617 2903 quiade
640 2819 747 2903 parvis
769 2820 946 2907 paucisque
969 2807 1130 2892 creatastl

272 2920 318 2984 sic
340 2918 402 2983 tibi
424 2920 563 2984 nominis
586 2921 665 2986 haec
687 2944 800 3007 expers
822 2923 871 2988 vis
894 2925 980 2988 facta
1000 2925 1136 2989 minutis

271 3021 456 3106 corporibus
480 3022 561 3086 latet
582 3030 682 3109 atque
704 3023 831 3089 animae
853 3027 947 3111 quasi
970 3027 1072 3091 totius
1094 3027 1164 3111 ipsa

273 3133 456 3211 proporrost
478 3125 587 3189 anima
609 3134 643 3190 et
665 3125 852 3192 dominatur
873 3151 1003 3215 corpore
1027 3122 1127 3262 totoq

274 3228 434 3294 consimili
455 3229 580 3294 ratione
603 3241 765 3296 necessest
787 3242 907 3298 ventus
930 3241 965 3298 et
987 3256 1042 3298 aer

274 3341 309 3397 et
331 3332 416 3397 calor
437 3332 579 3397 interae
603 3334 734 3421 vigeant
756 3335 936 3400 commixta¹
954 3359 1011 3422 per
1033 3345 1124 3402 artus

275 3436 380 3522 adque
402 3435 475 3500 aliis
497 3435 587 3500 aliud
609 3437 713 3502 subsit
736 3438 840 3526 magis
862 3440 1070 3526 emineatque

171 3664 339 3715 'Ommatitur
361 3666 465 3725 sanquis
483 3680 531 3727 per
552 3679 637 3724 omos,
659 3669 756 3716 viscera
778 3669 868 3717 vivum
892 3668 991 3725 Omnia,
1014 3667 1060 3718 but
1082 3669 1116 3718 he
1137 3668 1287 3719 afterwards
1309 3669 1395 3720 learnt

190 3747 277 3797 better.
378 3747 427 3795 254
438 3753 466 3795 ct
478 3746 560 3796 added
571 3746 605 3810 by
615 3747 705 3798 Lamb.

222 3827 389 3875 attrectem
404 3828 514 3875 volemus
529 3825 552 3887 A
567 3841 632 3876 corr.
651 3827 720 3877 Nice.
738 3828 773 3877 all
790 3828 876 3878 before
893 3829 972 3877 Lech.
988 3833 1057 3880 most
1073 3832 1192 3893 properly
1207 3832 1246 3881 for
1261 3835 1397 3882 retinemur

190 3910 314 3958 caumas:
331 3905 365 3956 he
375 3907 449 3956 reads
461 3907 583 3970 absurdly
594 3910 725 3958 retiocma'
736 3912 855 3969 vaenue,
868 3924 898 3960 aa
909 3910 932 3959 if
946 3925 983 3960 we
995 3911 1070 3961 could
1082 3915 1128 3961 not
1141 3914 1170 3962 be
1186 3913 1213 3962 in
1229 3914 1273 3963 lile
1287 3913 1396 3965 without

191 3986 421 4050 beinginhealth:
440 3987 483 4037 the
495 3987 578 4050 origin
590 3989 617 4038 ol
629 3989 674 4040 the
684 3990 835 4053 corruption
846 3991 870 4040 ia
881 3991 997 4041 obvious.
1087 3995 1136 4043 266
1146 3998 1239 4045 viscere
1252 3995 1282 4044 B.
1316 3999 1397 4047 visere

191 4070 277 4120 land
288 4067 382 4131 clearly
393 4084 442 4118 ms.
459 4068 488 4119 ol
502 4069 606 4132 Poggio‚
619 4085 648 4120 aa
659 4071 727 4122 Nice.
742 4071 795 4121 and
807 4072 841 4122 all
853 4071 906 4122 late
921 4087 984 4122 mss.
1001 4074 1053 4122 and
1068 4074 1139 4138 early
1154 4076 1266 4126 editions
1282 4078 1397 4138 saraed,

194 4166 256 4202 even
268 4151 342 4200 Junt.
354 4150 401 4200 but
413 4153 458 4199 not
469 4152 581 4201 Arana:
601 4151 660 4200 ‘alii
672 4153 779 4202 viscere’
790 4153 872 4203 Mau:
889 4158 933 4216 yet
945 4158 971 4204 to
983 4155 1057 4204 Wak,
1069 4159 1162 4205 viscere
1176 4157 1199 4205 is
1211 4158 1360 4209 ‘sordidum
1371 4166 1397 4210 et

192 4231 338 4294 ineptum’l
438 4233 486 4284 267
498 4234 564 4282 color
575 4232 667 4283 Lamb.
680 4234 748 4296 conj.
760 4232 857 4297 rightly
869 4235 909 4285 lor
919 4237 996 4284 calor.
1029 4238 1099 4286 color
1109 4237 1186 4300 vulgo
1197 4237 1278 4287 Lech.

225 4312 354 4361 astutiis.
388 4314 455 4361 alios
466 4312 578 4374 Brieger.
678 4314 724 4363 288
736 4317 826 4364 etenim
836 4315 918 4366 Faber
929 4315 957 4364 in
968 4315 1069 4367 emend.
1087 4318 1140 4367 and
1154 4317 1235 4368 Lech.
1252 4320 1291 4369 for
1306 4323 1398 4373 ctiam:
