3008 4800
164 159 223 226 545
250 153 284 209 et
309 144 424 209 validis
446 145 538 231 cycni
561 144 760 210 torrentibus
783 167 822 210 ex
846 144 1011 210 Heliconis

249 270 325 312 cum
348 248 504 333 liquidam
527 248 649 312 tollunt
671 249 802 335 lugubri
824 270 900 313 voce
922 248 1107 335 querellam.

293 349 400 414 Hasce
424 350 527 437 igitur
548 351 680 435 penitus
704 372 797 415 voees
820 373 894 415 cum
916 373 1045 436 corpore
1067 360 1177 416 nostro

248 453 460 538 exprimimus
481 462 634 538 rectoque
657 454 741 518 foras
761 455 941 519 emittimus
963 478 1026 530 ore,
1304 469 1368 534 550

249 557 378 621 mobilis
400 558 553 622 articulat
576 558 746 622 verborum
768 558 905 622 daedala
926 559 1037 645 lingua

168 675 230 740 550
253 661 493 745 formaturaque
516 661 678 724 labrorum
700 682 758 745 pro
780 669 873 746 parte
896 653 1039 766 figurati

170 780 229 848 553
255 766 314 830 hoc
336 765 394 830 ubi
416 788 481 829 non
504 765 636 849 longum
659 764 834 850 spatiumst
856 764 943 829 unde
965 787 1030 828 una
1051 766 1194 850 profecta

248 868 417 953 perveniat
440 890 501 931 vox
524 888 680 951 quaeque,
703 874 865 931 necessest
886 867 985 931 verba
1007 890 1135 952 quoque
1158 868 1228 952 ipsa

247 971 344 1056 plane
367 969 513 1035 exaudiri
537 969 740 1054 discernique
761 969 982 1047 articulatim
1304 985 1364 1050 555

249 1081 358 1138 servat
380 1072 468 1136 enirn
491 1072 700 1135 formaturam
723 1078 895 1155 servatque
917 1070 1062 1156 figuram.

247 1184 283 1240 at
305 1175 334 1240 si
356 1173 585 1259 interpositum
608 1173 750 1258 spatium
774 1173 817 1237 sit
840 1173 968 1260 longius
990 1195 1102 1258 aeque,

248 1302 325 1344 aera
345 1301 404 1364 per
426 1277 567 1342 multum
591 1277 745 1341 confundi
766 1275 866 1341 verba
888 1285 1049 1341 necessest

247 1389 282 1445 et
304 1379 491 1444 conturbari
514 1400 634 1457 vocem,
656 1378 734 1442 dum
758 1378 937 1443 transvolat
959 1359 1076 1492 aurasl

247 1505 324 1570 ergo
346 1483 393 1558 fit,
416 1483 559 1547 sonitum
582 1490 622 1547 ut
644 1483 746 1568 possis
767 1483 888 1548 sentire
910 1505 1015 1568 neque
1038 1483 1127 1547 illam

246 1587 471 1664 internoscere,
496 1586 663 1651 verborum
685 1587 848 1652 sententia
870 1609 952 1672 quae
974 1587 1033 1652 sit:

247 1711 350 1775 usque
372 1689 452 1754 adeo
475 1689 608 1754 confusa
630 1690 723 1754 venit
745 1711 807 1753 vox
829 1689 928 1774 inque
951 1672 1082 1787 pedital

248 1800 418 1878 praeterea
440 1791 575 1856 verbum
598 1813 694 1876 saepe
716 1814 819 1856 unum
841 1791 964 1876 perciet
986 1791 1073 1855 auris

250 1895 401 1960 omnibus
424 1895 458 1958 in
480 1894 610 1980 popule,
633 1894 768 1958 missum
790 1894 956 1979 praeconis
977 1894 1019 1958 ab
1042 1876 1123 1988 orel

247 2000 282 2064 in
305 2000 425 2063 multas
447 1998 550 2082 igitur
571 2019 665 2062 voces
686 2019 748 2061 vox
770 2020 836 2061 una
857 2006 991 2084 repente
1302 2003 1361 2081 565

249 2102 391 2189 diffugit,
413 2101 448 2164 in
470 2101 581 2186 privas
605 2100 757 2186 quoniam
779 2123 813 2166 se
835 2100 953 2165 dividit
974 2101 1060 2165 auris

247 2204 420 2291 obsignans
442 2205 578 2268 formam
601 2204 691 2268 verbi
712 2204 899 2289 clarumque
921 2225 1073 2269 sonorem.

245 2317 281 2373 at
304 2330 387 2394 quae
409 2330 485 2393 pars
510 2330 625 2372 vocum
648 2330 714 2372 non
735 2308 823 2372 auris
845 2308 960 2372 incidit
982 2308 1075 2393 ipsas,

247 2412 444 2498 praeterlata
465 2410 552 2496 perit
575 2411 696 2474 frustra
719 2410 838 2475 diffusa
859 2433 918 2496 per
940 2393 1061 2512 aurasl

246 2538 320 2601 pars
343 2516 453 2580 solidis
475 2515 578 2579 adlisa
601 2515 678 2579 locis
700 2515 822 2580 reiecta
845 2537 991 2580 sonorem
1302 2530 1365 2597 570

246 2619 356 2684 reddit
378 2627 412 2684 et
435 2619 601 2684 interdum
624 2620 800 2684 frustratur
821 2620 964 2708 imagine
986 2596 1099 2711 verbil

247 2745 330 2807 0000
352 2722 435 2786 bene
458 2745 533 2786 cum
556 2722 675 2799 videas,
697 2723 857 2788 rationem
880 2724 1012 2788 reddere
1035 2722 1135 2807 possis

252 2833 325 2889 tute
349 2825 412 2889 tibi
434 2834 533 2911 atque
556 2825 637 2903 aliis,
659 2849 723 2912 quo
746 2834 841 2912 pacto
862 2849 921 2912 per
942 2827 1011 2890 loca
1032 2826 1099 2889 sola

158 3077 254 3139 mostly
268 3082 312 3127 too
326 3077 422 3127 absurd
439 3082 466 3128 to
482 3079 513 3128 be
529 3079 689 3131 mentioned.
724 3082 893 3146 Berecynthia
910 3084 1016 3131 barbara
1033 3080 1067 3128 Is.
1085 3079 1158 3128 Voss.
1177 3078 1204 3128 in
1222 3094 1271 3127 ms.
1289 3085 1365 3129 notes

159 3161 210 3212 and
221 3161 250 3210 in
263 3160 393 3210 Catullus:
411 3161 583 3224 Berecynthia
594 3175 689 3210 comae
699 3161 783 3211 Bentl.
915 3162 963 3212 547
974 3164 1010 3210 Et
1020 3163 1116 3210 validis
1127 3163 1202 3225 cycni
1215 3163 1365 3211 torrentibus

158 3260 189 3294 ce
200 3241 379 3292 Heliconide.
395 3240 469 3289 Voss.
482 3240 510 3289 in
522 3255 571 3289 me.
582 3245 656 3290 notes
668 3240 707 3291 for
722 3245 758 3291 Et
774 3244 869 3291 validis
884 3244 951 3291 necti
963 3245 1035 3291 tertie
1047 3257 1076 3290 es
1088 3243 1218 3290 Heliconis
1230 3240 1259 3289 of
1268 3242 1302 3289 A:
1320 3241 1366 3290 the

158 3324 255 3374 middle
271 3323 354 3373 words
371 3323 400 3372 oi
414 3321 467 3371 this
484 3323 545 3383 line,
565 3337 594 3372 as
607 3322 637 3372 of
651 3324 696 3374 the
708 3323 852 3387 preceding,
870 3339 935 3373 were
951 3322 1089 3373 mutilated
1105 3323 1139 3386 by
1155 3337 1224 3373 some
1240 3323 1365 3372 accident.

158 3411 195 3458 Et
203 3410 277 3472 cycni
286 3409 358 3456 tortis
370 3407 527 3455 convallibus
536 3404 616 3454 Lech.
644 3414 701 3456 aete
713 3408 786 3456 tortis
797 3406 818 3452 Δ
829 3420 894 3454 corr.
907 3407 937 3453 B.
1002 3420 1059 3455 nece
1072 3408 1143 3455 tortr'e
1154 3405 1240 3455 Nica:
1257 3405 1338 3455 hence
1349 3421 1365 3456 a

158 3492 214 3540 vast
226 3488 324 3550 variety
335 3490 364 3537 of
373 3491 477 3548 strange
488 3485 616 3549 readings,
632 3487 696 3537 such
707 3503 737 3538 as
749 3490 784 3536 Et
795 3489 887 3549 gelidis
898 3489 971 3550 00001
982 3495 1052 3536 nocte
1063 3489 1114 3536 orie
1126 3487 1154 3536 ol
1164 3487 1241 3535 Bern.
1317 3488 1365 3537 550

158 3575 295 3622 emittimus
312 3572 335 3619 A
351 3586 416 3620 corr.
435 3570 474 3618 lor
490 3572 623 3620 mittimur.
723 3571 770 3619 551
787 3571 915 3619 verberim
932 3568 1023 3618 Lamb.
1041 3569 1080 3617 for
1096 3584 1233 3618 nervorum.
1316 3569 1365 3618 553

159 3655 228 3718 ‘lego
238 3671 300 3714 000,
312 3668 483 3716 unaquaeque
495 3668 544 3703 vox
555 3654 696 3715 perveniat.
709 3655 744 3702 B’
756 3652 842 3702 Bentl.
855 3653 895 3700 for
905 3653 962 3701 illa.
1050 3653 1098 3702 560
1110 3655 1189 3702 illam.
1226 3654 1275 3701 illa
1285 3653 1362 3704 Pont.

157 3736 330 3785 Ald.1Junt.
366 3737 446 3784 hilam
457 3734 548 3784 Lamb.
561 3735 670 3785 without
682 3751 766 3786 cause.
906 3735 953 3784 563
964 3736 1072 3784 vntum.
1103 3737 1218 3797 peditum
1230 3734 1365 3784 Nicc.and

158 3819 192 3867 011
205 3819 271 3868 later
282 3833 345 3868 mss.
360 3816 413 3866 and
425 3817 497 3880 early
507 3817 573 3866 eda:
591 3817 673 3867 hence
685 3821 792 3868 edictum
804 3817 868 3866 Mar.
881 3816 938 3865 Ald.
952 3818 965 3864 l
981 3816 1054 3865 Junt.
1067 3816 1147 3879 vulg:
1163 3818 1277 3878 peditum
1292 3831 1365 3867 came

158 3901 225 3951 from
238 3901 284 3950 the
291 3903 382 3965 pedite
393 3902 421 3950 oi
432 3902 480 3951 562
491 3900 613 3963 catching
625 3901 670 3950 the
681 3900 803 3963 copyist’e
815 3914 867 3962 eye.
984 3900 1032 3948 567
1043 3899 1111 3948 verbi
1122 3898 1202 3947 Lach.
1215 3898 1255 3947 for
1266 3900 1361 3948 verbm

158 3997 173 4031 0
185 3997 322 4045 necessary
333 3983 441 4045 change.
541 3982 589 4032 500
601 3985 672 4032 carie
683 3983 785 4032 incidit.
822 3983 918 4030 ‘aureis
930 3982 1034 4030 accidit.
1068 3980 1105 4028 sic
1117 3979 1228 4042 reposui,
1241 3995 1257 4028 a
1268 3978 1362 4030 Plauto

156 4063 183 4110 et
199 4060 291 4110 ceteris
306 4060 396 4110 Latini
411 4061 540 4111 sermonis
555 4057 705 4111 auctoribus
721 4057 884 4110 admonitua'
899 4057 1006 4119 Lcmb.;
1024 4057 1076 4107 and
1090 4056 1168 4106 Lech.
1188 4056 1277 4106 thinks
1292 4057 1326 4107 he
1341 4058 1364 4107 ie

157 4138 281 4201 probably
292 4139 370 4201 right,
383 4154 412 4189 aa
424 4140 500 4190 Lucr.
512 4135 1112 4191 himselivtoeusestheumeonnstruction.
1243 4137 1364 4186 57010010
