3008 4800
692 223 730 286 II

192 384 332 470 denique
355 407 414 448 nos
437 384 499 468 ipsi
522 385 625 448 caecis
648 406 874 468 quaecumque
898 384 1040 448 tenebris

194 487 368 573 tangimus,
393 486 481 550 haud
504 487 570 551 ullo
592 487 752 551 sentimus
776 488 879 551 tincta
902 461 1058 587 colorel

192 588 454 674 quodquoniam
479 590 570 652 vinco
594 589 672 666 fieri,
695 612 782 654 nunc
805 611 874 654 esse
898 589 1017 654 docebo

192 793 296 857 omnis
318 792 406 857 enirn
429 794 515 858 color
536 794 667 857 omnino
691 803 841 858 mutatur
863 795 897 858 in
921 795 1042 873 omnis3

192 895 278 979 quod
302 894 403 959 facere
427 895 515 958 haud
538 895 605 959 ullo
627 895 750 960 debent
772 896 948 981 primordia
969 906 1082 982 pacto;

191 996 397 1062 immutabile
419 997 507 1060 enim
530 997 685 1082 quiddam
708 1019 872 1083 superare
885 1008 1068 1109 necessest

191 1122 233 1165 ne
255 1123 305 1166 res
327 1102 369 1166 ad
392 1102 497 1165 nilum
519 1103 711 1187 redigantur
733 1103 882 1166 funditus
905 1051 1068 1191 omnes!

154 1279 159 1288 ,
191 1226 266 1268 nam
289 1203 516 1289 quodcumque
538 1204 605 1269 suis
628 1213 795 1268 mutatum
818 1205 938 1270 finibus
960 1205 1038 1282 exit,

190 1307 345 1372 continuo
368 1307 428 1372 hoc
451 1329 535 1371 mors
558 1317 608 1371 est
630 1307 718 1371 illius
740 1308 827 1392 quod
851 1308 915 1372 luit
936 1317 1022 1373 ante
1029 1284 1062 1390 pl

189 1409 324 1496 proinde
347 1411 451 1474 colore
473 1431 551 1474 cave
574 1409 744 1495 continges
767 1410 891 1475 semina
913 1431 1031 1487 rerum,
1078 1465 1095 1515 l

190 1535 231 1576 ne
255 1513 317 1578 tibi
338 1535 389 1578 res
411 1513 548 1577 redeant
570 1513 612 1577 ad
634 1512 739 1577 nilum
762 1513 911 1578 funditus
933 1462 1070 1616 omnes}

140 1603 142 1607 ¹
235 1615 408 1681 Praeterea
429 1616 457 1680 si
481 1616 572 1680 nulla
594 1615 707 1681 coloris
729 1616 900 1702 principiis
922 1626 972 1681 est
1064 1640 1066 1644 “

189 1719 318 1784 reddita
340 1728 459 1785 natura
480 1728 516 1784 et
538 1719 636 1784 variis
658 1728 737 1785 sunt
760 1721 910 1806 praedita
933 1721 1050 1798 formis,

191 1843 209 1886 e
232 1822 351 1907 quibus
373 1845 468 1888 omne
489 1846 593 1911 genus
616 1823 759 1910 gignunt
782 1827 975 1909 variantque
997 1825 1115 1889 colores

190 1933 370 2008 propterea,
392 1925 504 2012 magni
526 1926 613 2010 quod
634 1927 734 1990 refert
756 1927 883 1991 semina
904 1949 1052 2012 quaeque

111 2032 112 2036 ’
190 2049 266 2092 curn
289 2029 408 2114 quibus
431 2038 466 2094 et
488 2029 578 2115 quali
600 2030 747 2115 positura
769 2030 1000 2096 contineantur

190 2140 224 2194 et
247 2120 327 2214 quos
349 2131 438 2196 inter
459 2153 494 2195 se
516 2131 597 2195 dent
619 2141 730 2196 motus
753 2132 989 2218 accipiantque,

190 2234 342 2319 perfacile
365 2236 530 2321 extemplo
553 2237 713 2300 rationem
736 2235 871 2302 reddere
894 2238 996 2323 possis

192 2359 249 2402 cur
272 2360 416 2425 eaquae
439 2339 532 2426 nigro
555 2341 677 2404 fuerint
698 2341 797 2426 paulo
820 2351 897 2405 ante
920 2342 1033 2418 colore,

189 2463 367 2507 marmoreo
389 2442 460 2508 fieri
482 2444 607 2528 possint
629 2445 766 2510 candore
789 2455 944 2530 repente3

188 2555 227 2610 ut
249 2568 345 2625 mare,
367 2569 443 2611 cum
467 2548 578 2634 magni
600 2557 804 2613 commorunt
825 2571 965 2634 aequora
987 2549 1087 2626 venti,

190 2650 328 2715 vertitur
349 2651 385 2714 in
407 2672 503 2716 canos
525 2652 678 2716 candenti
700 2674 860 2717 marmore
883 2653 1018 2732 fluctus3

186 2753 293 2819 dicere
315 2753 403 2818 enim
425 2754 537 2840 poesie,
558 2754 689 2841 nigmm
712 2755 799 2839 quod
821 2778 917 2841 saepe
939 2755 1094 2832 videmus,

189 2857 341 2922 materies
364 2858 422 2923 ubi
444 2858 609 2944 permixta
631 2867 681 2924 est
703 2859 792 2924 illius
816 2869 857 2950 et
873 2860 950 2925 ordo

188 2961 355 3048 principiis
377 2971 527 3027 mutatus
549 2972 584 3027 et
606 2962 719 3027 addita
741 2963 940 3048 demptaque
963 2963 1120 3048 quaedam
1245 2980 1309 3044 770

187 3065 340 3131 continuo
362 3066 397 3130 id
420 3066 490 3130 fieri
512 3075 552 3132 ut
574 3065 715 3131 candens
738 3065 890 3132 videatur
912 3077 946 3131 et
968 3048 1111 3160 album}
1202 3139 1204 3142 ¹

188 3169 324 3253 quodsi
347 3170 504 3235 caeruleis
527 3178 712 3235 constarent
735 3191 876 3255 aequora
899 3171 991 3256 ponti

187 3271 374 3350 seminibus,
396 3274 486 3337 nullo
508 3282 641 3358 possent
663 3273 826 3339 albescere
848 3283 964 3358 pact03

187 3398 262 3440 nam
285 3398 490 3462 quocumque
513 3376 608 3441 modo
630 3377 801 3461 perturbes
827 3377 956 3442 caerula
978 3400 1061 3463 quae
1084 3378 1159 3454 sint,

185 3501 364 3566 numquam
387 3480 423 3544 in
446 3502 661 3546 marmoreum
683 3491 819 3566 possunt
841 3481 979 3568 migrare
1002 3448 1189 3568 coloreml
1248 3495 1308 3562 775

180 3582 237 3646 'sin
258 3582 322 3647 alio
344 3590 445 3668 atque
467 3582 531 3646 alio
554 3593 631 3647 sunt
653 3582 778 3648 semina
801 3584 905 3648 tincta
927 3582 1030 3648 colore

187 3709 270 3771 quae
293 3687 392 3752 maris
415 3687 560 3751 efficiunt
583 3709 685 3751 unum
708 3709 892 3772 purumque
916 3687 1063 3763 nitorem,

185 3799 224 3854 ut
246 3812 343 3876 saepe
366 3812 406 3855 ex
429 3790 501 3854 aliis
514 3790 634 3854 ⁴formis
658 3790 818 3876 variisque
842 3791 953 3876 figuris

99 3959 151 4010 and
161 3959 242 4010 Lach.
254 3961 326 4024 place
337 3961 404 4012 after
416 3963 480 4013 748:
497 3962 544 4012 but
556 3977 598 4012 see
609 3966 684 4014 notes
695 3963 719 4010 2.
776 3960 1062 4014 748av.islosthere
1132 3961 1309 4012 749iuomnis

100 4041 168 4093 Flor.
187 4043 218 4092 31
235 4043 325 4093 (lamb.
341 4043 451 4106 Nauger.
470 4045 551 4094 foret
567 4048 653 4095 curnis.
690 4047 719 4094 in
734 4047 819 4094 omniu
834 4044 909 4094 lunt.
923 4045 989 4093 alter
1001 4043 1138 4093 Marullus:
1157 4057 1200 4093 soe
1210 4048 1271 4092 note
1283 4047 1310 4091 to

101 4125 159 4177 719,
286 4127 334 4177 759
345 4141 414 4175 omna
425 4141 501 4188 pensu
512 4125 593 4177 Lach.
607 4127 647 4176 lor
657 4129 809 4190 omnipeuua
847 4129 987 4188 omniqcrws
999 4128 1021 4175 Α
1032 4140 1095 4176 corr.
1111 4125 1181 4174 Nico.
1193 4125 1262 4174 Flor.
1274 4127 1305 4174 31

98 4206 188 4257 camb.
199 4207 268 4270 vulg.
368 4208 416 4258 760
427 4209 565 4270 Propterea
576 4208 645 4260 Nico.
660 4224 725 4259 corr.
737 4208 807 4258 Flor.
820 4210 850 4257 31
863 4209 952 4258 (lamb.
967 4209 1031 4258 Mar.
1047 4208 1120 4257 Jum.
1134 4207 1225 4256 Lamb.
1237 4207 1275 4258 ed
1292 4209 1305 4256 l

99 4289 139 4339 lor
149 4289 286 4339 Praeterea
296 4288 381 4338 which
393 4288 465 4338 Wak
481 4289 543 4347 and,
555 4293 660 4352 strange
672 4294 699 4341 to
711 4305 766 4352 say,
779 4290 870 4340 hamb.
885 4291 925 4340 ad.
939 4293 953 4338 2
965 4289 1018 4340 and
1029 4291 1045 4338 3
1056 4290 1151 4339 retain.

130 4371 178 4424 766
188 4373 311 4434 extemplo
322 4370 391 4422 Brix„
406 4372 499 4421 hamb.
511 4373 551 4420 lor
563 4377 680 4436 exemplo.
783 4373 830 4424 765
838 4377 936 4436 possint
948 4373 1037 4424 hamb.
1053 4373 1216 4436 torpuerunt.
