3008 4800
743 273 761 336 Ι
1303 287 1341 353 53

224 438 410 502 confirmare
434 439 533 500 animi
558 439 730 522 quicquam
754 439 878 502 ratione
903 421 1096 534 queamusl
1277 452 1337 516 425

225 551 295 605 tum
317 564 410 627 porro
433 541 521 606 loeus
543 564 581 605 00
604 542 754 626 spatium,
778 543 862 627 quod
887 543 982 605 inane
1006 563 1165 617 vocamus

224 645 250 708 si
273 645 398 709 nullum
422 645 510 719 foret,
535 646 616 709 haut
639 667 774 730 usquam
798 646 861 709 sita
884 668 1015 731 corpora
1037 655 1168 731 possent

224 769 292 811 esse
315 770 420 832 neque
442 750 572 812 omnino
595 770 756 833 quoquam
780 749 906 813 diversa
929 770 1058 826 meare;

224 850 256 912 id
279 851 364 934 quod
386 851 451 914 iam
475 873 591 935 supera
613 850 674 913 tibi
697 851 793 935 paulo
816 851 1018 915 ostendimus
1040 839 1146 959 aniel

225 960 392 1036 praeterea
413 953 459 1017 nil
475 963 533 1018 est
555 954 641 1039 quod
664 955 765 1039 possis
787 955 893 1019 dicere
916 955 958 1019 ab
981 955 1069 1018 omni
1279 969 1344 1031 430

225 1079 353 1143 corpore
376 1059 558 1123 seiunctum
582 1069 806 1144 secretumque
830 1080 898 1122 esse
921 1058 963 1122 ab
986 1058 1085 1132 inani,

225 1161 310 1245 quod
332 1162 424 1247 quasi
446 1162 546 1226 tertia
567 1163 611 1226 sit
634 1182 768 1225 numero
790 1169 909 1224 natura
932 1152 1096 1246 repertal

224 1287 299 1328 nam
322 1265 546 1351 quodcumque
569 1265 640 1341 erit,
663 1287 732 1329 esse
755 1265 878 1350 aliquid
905 1265 1039 1330 debebit
1063 1263 1096 1327 id
1119 1264 1244 1347 ipsum3

137 1382 200 1448 435
225 1368 278 1432 cui
299 1368 326 1432 si
349 1377 456 1432 taetus
479 1369 541 1432 erit
564 1369 712 1453 quamvis
735 1368 816 1432 levis
839 1369 1051 1454 exiguusque,

58 1493 112 1566 {p
138 1491 204 1554 434
225 1473 377 1559 augmine
400 1473 450 1537 vel
473 1473 588 1559 grandi
611 1473 661 1536 vel
684 1465 782 1557 parvo
805 1473 954 1558 denique,
978 1473 1057 1536 dum
1081 1473 1133 1548 sit,
1278 1484 1340 1550 435

225 1579 363 1663 eorporis
384 1579 518 1665 augebit
540 1600 712 1642 numerum
737 1600 963 1663 summamque
986 1566 1171 1695 sequeturq

225 1681 275 1744 sin
297 1682 443 1748 intactile
467 1683 537 1759 erit,
562 1683 651 1747 nulla
673 1684 713 1748 de
737 1692 829 1768 parte
852 1683 938 1767 quod
961 1683 1061 1747 ullam

225 1807 293 1849 rem
316 1787 485 1871 prohibere
508 1796 608 1872 queat
630 1809 688 1872 per
709 1809 743 1852 00
767 1787 904 1851 transire
927 1795 1101 1861 meantem,

225 1888 346 1954 seilicet
369 1890 428 1954 hoc
450 1890 484 1954 id
507 1891 579 1967 erit,
601 1908 738 1954 vacuum
761 1890 848 1975 quod
870 1890 968 1954 inane
991 1865 1157 1977 vocamusl

127 2063 141 2090 ς
225 2002 390 2077 praeterea
411 2015 469 2078 per
490 2017 524 2058 se
547 1993 772 2079 quodcumque
795 1993 866 2069 erit,
890 2001 948 2057 aut
971 1991 1068 2056 faciet
1091 1990 1169 2077 quid
1277 2008 1345 2068 440

122 2114 160 2122 ·
225 2105 283 2161 aut
305 2097 377 2161 aliis
400 2096 491 2183 fungi
513 2096 646 2161 debebit
668 2096 841 2182 agentibus
863 2095 971 2181 ipsum

224 2209 282 2264 aut
305 2201 374 2277 erit,
398 2209 436 2264 ut
457 2209 593 2286 possunt
615 2201 649 2264 in
673 2222 710 2265 eo
733 2223 783 2265 res
806 2222 874 2264 esse
896 2184 1059 2308 gadque}

226 2319 262 2375 at
285 2312 387 2375 lacere
409 2319 444 2375 et
467 2306 559 2397 fungi
582 2311 651 2374 sine
674 2332 803 2396 corpore
826 2311 917 2374 nulla
939 2319 1048 2394 potest
1070 2332 1121 2373 res

227 2438 285 2480 neo
307 2417 460 2501 praebere
484 2416 589 2480 locum
611 2437 704 2500 porro
727 2414 790 2478 nisi
812 2413 909 2478 inane
933 2415 1136 2531 vacansquej

227 2538 300 2604 ergo
323 2526 452 2603 praeter
474 2518 569 2581 inane
593 2526 626 2582 et
649 2539 780 2602 corpora
804 2517 904 2580 tertia
926 2538 984 2602 per
1006 2538 1040 2580 se
1280 2533 1340 2597 445

227 2623 316 2686 nulla
338 2631 447 2708 potest
468 2645 576 2686 rerum
599 2622 634 2686 in
657 2644 791 2686 numero
815 2631 933 2685 natura
955 2620 1105 2706 relinqui,

147 2777 161 2820 ;
227 2746 285 2787 neo
308 2747 389 2810 quae
412 2725 471 2790 sub
494 2747 607 2789 sensus
630 2725 724 2788 eadat
748 2724 814 2789 ullo
838 2732 983 2809 tempore
1006 2733 1131 2788 nostros

147 2824 159 2838 ²
205 2809 284 2890 ineo
307 2827 430 2891 ratione
452 2827 554 2890 animi
577 2849 674 2912 quam
698 2827 871 2912 quisquam
895 2826 996 2910 possit
1018 2799 1139 2925 apiscil

199 2923 201 2936 '
270 2929 355 2992 Nam
379 2940 600 3015 quaecumque
623 2930 741 3005 cluent,
765 2937 823 2992 aut
847 2929 897 2992 his
920 2928 1092 2992 coniuncta
1115 2927 1241 2992 duabus

179 3076 181 3080 ι
226 3032 321 3096 rebus
344 3055 382 3096 ea
404 3033 548 3097 invenies
570 3040 629 3097 aut
652 3033 766 3096 horum
790 3040 907 3096 eventa
929 3012 1081 3121 videbisl
1280 3047 1344 3111 450

226 3136 433 3199 coniunctum
457 3143 507 3199 est
529 3136 563 3200 id
586 3136 672 3221 quod
695 3157 855 3220 nusquam
878 3135 948 3198 sine
971 3133 1147 3219 permitiali

226 3240 359 3304 discidio
381 3240 467 3325 potis
490 3248 539 3304 est
561 3240 689 3326 seiungi
712 3261 819 3324 seque
833 3239 969 3325 gregori,

225 3344 349 3429 pondus
371 3343 421 3407 uti
444 3344 551 3419 sarist,
574 3345 659 3406 calor
681 3343 774 3430 ignis,
797 3343 902 3427 liquor
924 3324 1047 3429 aquail

227 3463 341 3504 riorus
364 3462 552 3504 coarornnus
574 3462 701 3504 cureris
724 3462 872 3503 rumonus
895 3461 983 3502 mani

139 3600 221 3646 notes.
320 3595 367 3643 428
379 3609 508 3656 qnoqnnrn.
525 3609 652 3656 quaquam
662 3593 727 3642 Van.
740 3594 797 3641 Ald.
811 3596 823 3641 1
837 3593 929 3642 Lamb.
942 3596 1004 3643 eta:
1023 3592 1071 3640 but
1083 3607 1123 3641 see
1135 3594 1209 3640 notes
1221 3594 1245 3640 2.

138 3679 186 3728 435
197 3679 245 3726 434
257 3676 353 3740 rightly
365 3665 516 3740 transposed
527 3676 560 3738 by
571 3675 664 3726 Leon:
683 3675 811 3724 oenturies
827 3675 913 3723 belora
929 3675 985 3723 him
1001 3673 1068 3724 Flor.
1084 3676 1115 3723 32
1131 3674 1159 3723 in
1175 3674 1276 3736 margin
1291 3673 1344 3724 had

138 3759 192 3809 this
209 3763 278 3818 note,
292 3759 406 3809 ‘videtur
422 3773 563 3822 proponere
580 3761 684 3807 tantum
701 3757 732 3806 de
749 3772 860 3820 corpore,
881 3756 990 3806 dicando
1007 3759 1129 3819 Aupnn'ne
1146 3758 1187 3806 vel
1203 3760 1265 3814 etc.;
1290 3771 1344 3806 non

138 3841 208 3894 enim
219 3843 376 3892 conveniunt
388 3841 432 3890 illa
444 3841 496 3889 nisi
507 3841 616 3902 corpori.
645 3855 704 3888 eum
716 3843 804 3888 tamen
816 3838 846 3887 de
856 3839 929 3887 inani
938 3853 1039 3899 quoque
1048 3838 1204 3887 intellexisse
1212 3843 1343 3901 appareat,

138 3937 170 3972 ex
180 3923 226 3973 illo
238 3921 286 3973 'Sin
297 3926 412 3974 intactile
424 3926 473 3973 erit
484 3925 531 3972 ete.
545 3922 729 3971 advertendum
740 3920 890 3982 diligentius
898 3922 913 3968 ⁸.
949 3919 1023 3969 Then
1039 3923 1067 3968 at
1082 3921 1181 3968 bottom
1194 3919 1230 3968 ‘si
1246 3920 1345 3982 legatur

77 4071 81 4076 .
137 4006 206 4055 Nam
217 4008 467 4069 quodcumque...0ni
478 4009 502 4055 si
515 4008 752 4067 tactas...An9ntine
764 4002 1089 4067 vel...Corpoiis...patebit
1101 4017 1185 4052 sermo
1193 4002 1208 4052 '.
1297 4005 1344 4052 442

134 4096 246 4152 possunt.
266 4093 364 4152 possint
375 4090 443 4138 Flor.
453 4091 483 4137 31
497 4088 586 4138 (lamb.
597 4094 645 4138 eie.
669 4089 681 4136 Ι
694 4103 750 4136 now
759 4088 843 4137 retain
853 4087 897 4136 the
906 4103 954 4136 ms.
964 4086 1082 4148 reading:
1098 4101 1138 4136 000
1147 4089 1222 4136 notes
1231 4088 1245 4134 2
1255 4091 1283 4135 to
1292 4087 1345 4135 this

138 4185 161 4218 v.
171 4168 223 4219 and
231 4184 253 4218 11
262 4171 308 4220 901
318 4173 393 4218 itant
403 4172 498 4220 debent.
560 4173 607 4219 451
617 4185 746 4232 nusquam.
767 4185 894 4232 nunqnam
904 4169 961 4218 Ver.
970 4167 1033 4216 Ven.
1043 4167 1096 4217 and
1105 4166 1158 4216 eds.
1168 4167 1254 4217 before
1263 4168 1344 4218 Lach.

138 4251 265 4314 wrongly:
283 4266 366 4313 comp.
379 4253 442 4303 Aen.
457 4266 473 4300 v
487 4253 535 4302 852
550 4254 863 4314 amoremque...Nusquanr
878 4253 1019 4308 amittebat,
1031 4249 1083 4299 and
1098 4249 1247 4311 Conington
1263 4249 1341 4300 there.

135 4334 278 4397 permitiali
289 4333 333 4380 AB
345 4332 454 4395 rightly:
473 4348 514 4382 ses
525 4337 601 4381 notes
613 4335 636 4381 2.
668 4335 806 4394 perniciali
818 4333 885 4394 vulg.
898 4332 950 4381 and
962 4330 1041 4381 Laeh.
1111 4331 1158 4379 453
1170 4334 1253 4379 soant
1265 4331 1343 4381 Laoh.

138 4417 196 4463 saxi
207 4421 243 4463 est
252 4413 325 4463 Wak.
336 4415 375 4464 for
386 4417 466 4464 susis.
527 4416 575 4464 454
587 4415 666 4463 Lach.
676 4414 724 4462 has
735 4415 830 4476 proved
842 4419 868 4463 to
880 4413 912 4462 be
925 4412 1051 4475 spurious,
1061 4426 1090 4461 as
1099 4426 1115 4460 0
1124 4411 1224 4460 nomin.
1234 4414 1345 4462 intactus
