3008 4800
730 241 783 305 III

246 401 292 463 sic
315 399 442 464 animus
464 422 522 485 per
545 422 578 464 se
602 423 666 464 505
688 400 761 485 quit
783 401 853 466 sine
875 423 1005 486 corpore
1028 409 1063 465 et
1085 401 1155 486 ipso

247 523 317 565 esse
340 502 480 579 homine,
503 502 591 566 illius
605 502 708 594 vquasi
730 503 817 587 quod
840 524 896 567 vas
918 525 983 568 esse
1008 502 1135 569 videtur

248 605 315 668 sive
338 605 427 669 aliud
450 606 530 691 quid
552 605 602 670 vis
625 606 734 690 potius
756 607 959 671 coniunctius
981 608 1013 672 ei

247 707 377 794 fingere,
400 710 663 795 quandoquidem
686 731 808 774 conexu
831 732 945 794 corpus
967 675 1148 825 adhaeret!
1185 727 1194 748 ⁰

291 811 441 896 Denique
462 811 603 897 corporis
625 820 725 896 atque
745 812 846 875 animi
868 813 977 877 vivata
998 821 1141 898 potestas

247 913 333 977 inter
355 936 389 978 se
411 914 585 978 coniuncta
607 914 717 977 valent
739 913 871 998 vitaque
893 914 1065 993 fruuntur3

246 1038 306 1080 nec
328 1016 398 1081 sine
419 1038 549 1102 corpore
572 1016 660 1080 enim
684 1015 791 1079 vitalis
813 1015 907 1080 edere
929 1024 1037 1080 motus

248 1118 315 1182 sola
336 1127 445 1204 potest
466 1118 569 1183 animi
590 1139 649 1204 per
670 1139 705 1181 se
727 1127 845 1182 natura
866 1140 926 1182 nec
948 1125 1058 1182 autem

249 1242 373 1285 cassum
396 1221 507 1285 anima
528 1242 644 1305 corpus
666 1221 782 1284 durare
805 1228 840 1285 et
861 1221 1009 1285 sensibus
1031 1221 1091 1286 uti.

248 1323 371 1388 scilicet
393 1324 521 1389 avolsus
543 1322 705 1387 radicibus
727 1331 766 1386 ut
788 1324 903 1409 nequit
924 1324 1023 1388 ullam

249 1428 407 1514 dispicere
429 1429 498 1514 ipse
520 1427 632 1492 oculus
654 1448 723 1490 rem
745 1448 886 1491 seorsum
909 1449 1038 1514 corpore
1060 1436 1138 1504 toto,

249 1532 295 1596 sio
316 1532 427 1597 anima
447 1540 547 1617 atque
569 1530 698 1594 animus
720 1552 833 1616 perse
855 1530 901 1594 nil
922 1553 1014 1617 posse
1036 1499 1188 1613 videtur.l

251 1635 406 1698 nimirum
429 1634 507 1718 quia
524 1655 587 1718 per
608 1654 707 1697 venas
730 1641 765 1697 et
786 1633 908 1698 viscera
930 1633 1067 1710 mixtim,

252 1759 310 1822 per
331 1759 445 1802 nervos
467 1746 567 1822 atque
589 1758 669 1812 ossa,
693 1744 848 1800 tenentur
869 1759 998 1823 corpore
1021 1737 1062 1801 ab
1084 1736 1172 1800 omni

252 1861 311 1904 neo
334 1838 460 1925 magnis
482 1838 663 1903 intervallis
685 1838 860 1924 primordia
882 1847 1017 1924 possunt

252 1944 354 2009 libera
375 1943 558 2019 dissultare,
580 1942 653 2007 ideo
675 1943 824 2007 conclusa
846 1950 1019 2007 moventur

251 2047 421 2112 sensiferos
443 2055 551 2110 motus
574 2066 654 2130 quos
676 2054 769 2109 extra
791 2067 906 2130 corpus
928 2045 962 2109 in
984 2066 1078 2109 auras

250 2150 334 2215 aeris
357 2149 439 2213 haut
460 2157 597 2235 possunt
619 2157 693 2235 post
716 2157 852 2214 mortem
875 2150 978 2214 eiecta
1000 2149 1120 2213 moveri

251 2261 423 2339 propterea
445 2254 522 2338 quia
544 2275 608 2317 non
631 2252 730 2317 simili
752 2253 876 2318 ratione
899 2224 1071 2343 tenentur}

250 2379 365 2442 corpus
387 2356 475 2421 enim
497 2365 597 2443 atque
618 2357 766 2422 animans
788 2358 850 2422 erit
871 2379 933 2434 aer,
956 2358 983 2422 si
1004 2356 1152 2421 cohibere

251 2482 320 2525 sese
342 2461 451 2525 anima
472 2470 571 2546 atque
593 2461 629 2524 in
651 2483 688 2524 eo
711 2460 830 2545 poterit
852 2461 1039 2525 concludere
1063 2467 1169 2523 motus

250 2587 331 2651 quos
353 2573 431 2630 ante
452 2566 488 2630 in
510 2565 617 2630 nervis
640 2573 674 2630 et
696 2566 731 2629 iu
753 2567 823 2651 ipso
845 2587 973 2651 corpore
996 2532 1141 2650 agebatl

163 2684 226 2754 592
250 2669 330 2756 quin
352 2670 453 2734 etiam
475 2669 549 2733 finis
570 2669 650 2734 dum
673 2669 760 2734 vitae
782 2670 921 2734 vertitur
942 2670 1036 2745 intra,

249 2795 344 2858 saepe
366 2772 477 2857 aliqua
499 2781 610 2836 tamen
632 2794 650 2836 e
673 2794 769 2836 causa
791 2772 949 2836 labefacta
971 2772 1101 2836 videtur

251 2878 298 2941 ire
320 2876 430 2940 anima
452 2898 490 2940 ao
512 2883 582 2940 toto
604 2876 690 2940 solui
712 2876 753 2940 de
775 2898 904 2961 corpore
926 2877 1003 2942 velle

86 3011 88 3015 ·
167 2996 226 3063 595
252 2987 287 3043 et
309 2978 402 3063 quasi
425 3000 576 3063 supremo
599 2979 807 3064 languescere
829 2987 974 3063 tempore
996 2978 1103 3042 voltus

252 3083 425 3167 molliaque
448 3083 605 3167 exsangui
628 3090 737 3148 trunco
760 3083 871 3147 cadere
893 3083 1001 3147 omnia
1022 3081 1173 3146 membra.

165 3313 227 3372 5555,
241 3309 355 3359 whether
367 3308 411 3359 the
423 3311 490 3358 55555
502 3323 588 3358 comes
599 3313 628 3358 at
639 3323 702 3358 once
713 3324 742 3358 or
753 3324 827 3372 years
838 3309 917 3369 altem
935 3324 963 3358 so
975 3308 1032 3358 that
1045 3316 1127 3357 5555555
1136 3308 1165 3356 ia
1172 3321 1252 3368 pomo
1265 3313 1371 3368 tempore

165 3392 250 3443 would
261 3392 328 3442 have
340 3406 375 3441 no
386 3392 516 3454 meaning.
627 3393 675 3443 555
687 3394 783 3441 55055555
795 3391 838 3441 0Ιά
849 3392 902 3441 eds.
915 3392 954 3440 for
966 3393 1092 3442 luminam.
1128 3405 1174 3439 055
1185 3405 1235 3439 csse
1247 3389 1318 3440 Nico.
1331 3389 1371 3440 505

164 3490 243 3525 vasae.
352 3475 399 3526 557
411 3475 459 3523 558
470 3473 551 3526 Lach.
566 3474 615 3523 has
627 3489 661 3524 no
674 3477 732 3537 stop
743 3475 810 3523 after
821 3475 948 3531 adhaeret,
960 3473 1012 3523 and
1023 3488 1039 3522 a
1050 3487 1151 3522 comma
1162 3473 1228 3521 alter
1238 3474 1370 3535 Denique:

165 3558 213 3607 558
224 3556 314 3618 begins
325 3571 341 3606 a
355 3570 411 3605 new
422 3555 583 3619 paragraph,
601 3556 655 3606 and
669 3556 683 3605 I
698 3556 753 3605 find
768 3557 835 3606 55055
850 3556 892 3605 his
907 3556 1078 3619 procl-sheets
1094 3555 1152 3605 that
1167 3555 1201 3604 he
1216 3554 1312 3604 altered
1326 3555 1372 3605 the

165 3638 241 3688 usual
251 3637 425 3701 punctuation
437 3637 499 3700 only
509 3637 538 3686 in
549 3637 592 3687 his
604 3637 668 3688 final
680 3638 770 3687 revise.
890 3639 936 3687 564
949 3641 1001 3700 ipse
1013 3637 1176 3687 0555555105.
1192 3638 1223 3685 31
1235 3637 1301 3686 Mar.
1314 3636 1371 3701 (not

164 3720 236 3770 Nico.
255 3719 343 3770 camb.
360 3719 430 3770 Brix.
449 3721 507 3769 Ver.
526 3735 555 3770 or
571 3721 648 3785 Van.)
667 3721 707 3770 505
723 3724 807 3770 oculas
825 3723 883 3783 ipse.
1028 3721 1076 3770 566
1089 3735 1136 3784 per
1152 3718 1233 3769 added
1248 3719 1282 3781 by
1299 3717 1370 3768 Nico.

163 3805 263 3853 mixtim
274 3801 344 3852 Nico.
358 3802 414 3868 (not
425 3803 494 3852 Flor.
510 3804 550 3867 31)
563 3803 654 3852 (lamb.
667 3804 739 3852 Mon.
750 3803 822 3852 Brix.
835 3802 892 3852 Ver.
904 3803 968 3852 Ven.
983 3802 1022 3852 505
1033 3805 1116 3850 mixti.
1215 3802 1263 3851 571
1278 3803 1371 3850 moveri

162 3883 252 3934 hamb.
265 3883 306 3933 505
315 3898 419 3944 nicom,
436 3882 634 3932 ·inseitissime’
647 3898 705 3946 says
717 3883 805 3934 Wak:
822 3898 863 3932 see
874 3886 948 3932 notes
959 3885 973 3931 2
986 3885 1012 3931 to
1023 3896 1050 3931 vr
1061 3885 1118 3933 595.
1253 3883 1301 3932 573
1313 3884 1369 3931 ani-

53 3986 56 3991 ’
163 3981 233 4015 mom
245 3969 294 4015 erit
305 3965 397 4015 Lamb.
409 3967 449 4015 505
461 3969 571 4015 animam
582 3968 652 4018 serit.
781 3967 829 4018 574
840 3981 867 4015 50
878 3965 960 4014 Faber
971 3965 1011 4014 505
1020 3981 1059 4015 505
1069 3984 1075 4014 :
1093 3979 1109 4014 a
1119 3963 1216 4014 certain
1227 3964 1369 4012 correction

164 4047 260 4111 rightly
272 4047 399 4098 admitted
410 4049 443 4110 by
454 4048 540 4098 Bentl.
555 4047 606 4098 and
619 4048 722 4099 Oreeoh.
757 4048 837 4098 Lach.
849 4052 954 4111 strange
969 4052 996 4097 to
1011 4063 1057 4109 say
1072 4046 1119 4096 has
1134 4046 1266 4109 neglected
1281 4046 1302 4094 it
1318 4045 1369 4095 and

163 4129 278 4179 received
289 4128 392 4179 instead
403 4129 567 4180 Wakefield’s
579 4130 726 4192 conjecture
736 4131 769 4179 In
780 4144 805 4178 55
816 4132 926 4178 animum
937 4131 976 4178 lor
988 4131 1044 4178 Sese
1055 4131 1149 4180 animo.
1240 4129 1370 4179 576-590

165 4210 315 4274 (tta-ooo)
332 4209 422 4258 christ
437 4214 536 4272 quaest.
555 4210 632 4258 Lucr.
650 4225 676 4272 p.
695 4211 725 4261 59
742 4210 790 4258 has
806 4209 906 4271 acutely
922 4223 982 4258 seen
997 4208 1054 4258 that
1069 4207 1142 4258 these
1156 4222 1209 4257 wss.
1224 4222 1268 4257 are
1283 4212 1329 4258 out
1344 4209 1373 4257 05

163 4292 237 4355 place
248 4312 254 4343 :
271 4292 305 4340 he
316 4297 379 4355 puts
390 4292 462 4342 them
474 4294 541 4342 after
552 4295 600 4344 579
614 4291 681 4358 (594)
691 4307 697 4340 :
715 4292 728 4340 Ι
740 4296 788 4354 put
799 4291 870 4342 them
881 4293 947 4341 after
958 4291 1019 4343 575:
1038 4306 1078 4341 sse
1090 4294 1164 4341 notes
1175 4293 1199 4339 2.
1320 4292 1368 4342 578

164 4377 194 4424 de
209 4389 308 4438 corpore
323 4377 386 4424 05555
401 4373 480 4425 Laoh.
499 4374 602 4435 acutely
618 4373 658 4423 505
674 4376 702 4423 de
717 4389 816 4437 corpore
831 4376 914 4423 omnia
928 4375 1035 4423 55555555
1049 4372 1134 4423 which
1147 4371 1196 4422 has
1212 4386 1284 4422 come
1302 4373 1370 4422 from
