3008 4800
757 197 793 262 ΙΙ

255 361 384 426 reddita
405 359 591 445 corporibus
614 358 726 442 primis
748 380 806 444 per
828 359 922 424 inane
944 360 1149 445 profundum,

255 465 312 529 sed
335 463 439 551 magis
461 461 597 526 adsiduo
620 462 771 547 varioque
794 463 935 527 exercita
957 472 1047 528 motu

257 568 377 654 partim
399 565 580 631 intervallis
603 567 730 652 magnis
752 567 895 631 confulta
916 567 1083 644 resultant,

255 694 329 757 pars
352 670 452 735 etiam
476 669 628 734 brevibus
651 669 764 755 spatiis
788 679 946 734 vexantur
966 670 1008 734 ab
1030 670 1105 734 ictu.

256 784 290 840 et
313 795 537 860 quaecumque
560 773 664 859 magis
686 773 845 837 condenso
867 772 1038 836 conciliatu

256 878 383 964 exiguis
406 876 586 941 intervallis
609 885 762 941 convecta
784 876 952 952 resultant,

96 987 110 1075 ’.ι
119 1032 154 1084 Μ
184 1008 217 1067 g..
250 961 449 1067 ffifflpedita
471 981 539 1045 suis
562 980 722 1066 perplexis
744 981 815 1065 ipsa
836 980 955 1066 figuris,

257 1086 336 1149 haec
359 1082 483 1148 validas
505 1083 574 1148 saxi
597 1083 719 1147 radices
741 1091 776 1147 et
797 1083 864 1146 fera
886 1083 960 1147 ferri

256 1208 388 1272 corpora
409 1186 618 1250 constituunt
640 1192 675 1248 et
697 1192 804 1249 cetera
826 1184 865 1248 de
885 1206 1003 1270 genere
1026 1184 1139 1248 horum

184 1305 187 1312 '
256 1291 395 1379 paucula
417 1312 502 1375 quae
525 1312 618 1374 porro
641 1311 796 1376 magnum
818 1311 875 1374 per
895 1289 991 1354 inane
1013 1258 1193 1420 vagantur.)

256 1403 364 1460 cetera
386 1393 552 1457 dissiliunt
575 1392 669 1478 longe
694 1391 852 1478 longeque
873 1400 1038 1456 recursant

256 1499 292 1564 in
314 1495 441 1584 magnis
463 1494 661 1558 intervallis:
693 1493 772 1558 haec
794 1515 869 1558 aera
889 1517 996 1559 rarum

257 1599 422 1665 sufficiunt
444 1596 537 1661 nobis
559 1605 594 1660 et
616 1595 784 1681 splendida
807 1596 929 1661 lumina
950 1580 1046 1697 solisl

256 1703 425 1786 multaque
449 1707 617 1785 praeterea
640 1722 794 1786 magnum
816 1722 874 1786 per
895 1700 991 1766 inane
1013 1709 1181 1787 vagantur,

256 1805 400 1872 conciliis
421 1827 530 1868 rerum
552 1826 636 1890 quae
658 1812 736 1868 sunt
758 1803 878 1869 reiecta
898 1827 958 1868 neo
980 1827 1117 1891 usquam

257 1909 437 1976 consociare
460 1907 561 1972 etiam
584 1916 692 1972 motus
714 1916 848 1993 potuere
869 1886 1018 1996 recepta}

258 2013 359 2090 cuius,
383 2011 434 2076 uti
456 2033 607 2087 memoro,
629 2012 677 2076 rei
699 2011 905 2076 simulacrum
928 2021 962 2077 et
983 2012 1090 2098 imago

257 2125 335 2183 ante
358 2116 466 2181 oculos
489 2137 617 2200 semper
639 2115 732 2180 nobis
754 2126 898 2182 versatur
920 2125 954 2182 et
976 2093 1100 2212 instatl

258 2220 494 2305 contemplator
517 2219 615 2296 enim,
639 2213 712 2284 curn
735 2220 810 2285 solis
833 2220 957 2284 lumina
978 2243 1116 2305 cumque

258 2324 374 2390 inserti
396 2324 540 2388 fundunt
562 2322 645 2388 radii
667 2346 725 2408 per
747 2346 846 2409 opaca
868 2324 1051 2389 domorum:

258 2428 364 2493 multa
386 2427 516 2491 minuta
537 2427 641 2491 modis
664 2426 776 2491 multis
798 2449 855 2512 per
877 2427 972 2491 inane
994 2427 1118 2492 videbis

258 2554 390 2618 corpora
411 2531 540 2596 misceri
561 2531 724 2595 radiorum
746 2531 868 2596 lumine
890 2531 925 2595 in
947 2532 1016 2617 ipso

259 2644 293 2701 et
316 2635 407 2700 velut
429 2642 562 2698 aeterno
585 2634 761 2699 certamine
783 2635 904 2720 proelia
926 2658 1051 2723 pugnas

259 2742 353 2806 edere
376 2739 548 2804 turmatim
570 2739 729 2804 certantia
750 2762 810 2803 neo
831 2740 907 2804 dare
932 2762 1071 2825 pausam,

259 2843 402 2910 conciliis
425 2851 460 2907 et
482 2841 626 2907 discidiis
648 2843 789 2907 exercita
810 2843 947 2924 erebris;

258 2947 403 3014 conicere
425 2954 464 3010 ut
487 2945 589 3031 possis
612 2968 652 3010 ex
675 2946 742 3021 hoc,
766 2946 940 3031 primordia
960 2969 1067 3012 rerum

260 3049 355 3137 quale
378 3050 422 3113 sit
445 3050 480 3112 in
503 3071 621 3134 magno
644 3048 758 3113 iactari
779 3071 905 3135 semper
927 3051 1022 3116 inani.

260 3158 432 3221 dumtaxat
454 3175 562 3218 rerum
585 3175 775 3238 magnarum
797 3176 895 3239 parva
916 3163 1022 3238 potest
1044 3177 1094 3220 res

262 3256 446 3342 exemplare
469 3254 547 3319 dare
570 3265 604 3320 et
627 3255 766 3342 vestigia
787 3231 942 3356 notitiai.l

262 3361 322 3424 hoc
345 3361 446 3425 etiam
469 3360 573 3446 magis
596 3361 675 3424 haec
698 3361 843 3426 animum
866 3371 899 3426 te
921 3361 1087 3426 advertere
1111 3385 1169 3447 par
1191 3373 1241 3428 est
1318 3382 1376 3446 125

262 3485 394 3547 corpora
416 3485 500 3547 quae
522 3463 557 3526 in
579 3463 655 3527 solis
676 3463 775 3527 radiis
797 3463 927 3528 turbare
950 3463 1108 3540 videntur,

263 3564 348 3651 quod
371 3566 453 3629 tales
477 3565 592 3630 turbae
616 3574 724 3629 motus
747 3588 874 3651 quoque
896 3566 1043 3631 materiai

177 3837 285 3887 Vossius
303 3837 331 3886 in
348 3854 395 3888 ms.
416 3843 500 3888 notes.
627 3844 658 3891 98
675 3844 788 3904 consulto
805 3857 865 3892 mss.
884 3842 936 3892 and
952 3858 981 3892 so
998 3843 1073 3894 Pcnt.
1091 3846 1186 3894 Avanc.
1204 3845 1265 3895 Pius
1282 3846 1380 3908 Nauge-

177 3921 239 3971 rius.
276 3923 390 3970 consulto
413 3921 470 3970 Ver.
489 3922 552 3972 Ven.
570 3922 624 3973 Gir.
657 3926 775 3986 conflicto
792 3926 806 3972 2
825 3924 881 3974 Vat.
899 3925 964 3974 Mor.
985 3925 1057 3976 Junt.
1074 3927 1166 3977 Lamb.
1184 3927 1225 3978 ed.
1244 3931 1257 3977 l
1280 3928 1332 3979 and
1354 3931 1377 3990 2,

178 4001 252 4051 Wak.
270 4001 372 4052 Greeoh.
409 4010 513 4052 contuso
529 4003 620 4055 Lamb.
641 4003 679 4053 ed.
698 4006 721 4054 3.
754 4007 873 4081 Quian
890 4006 980 4056 Heius.
998 4007 1025 4056 in
1042 4023 1069 4058 m

211 4082 242 4132 99
254 4083 368 4130 brevibus
381 4082 450 4132 Nico.
464 4082 504 4131 lor
515 4085 623 4133 breuius.
739 4086 785 4133 112
797 4101 899 4136 ηιεηιονο
910 4090 947 4136 rei
960 4087 1017 4137 Vat.
1031 4089 1094 4139 1706
1105 4088 1166 4150 Reg.
1180 4089 1269 4153 polim
1280 4090 1381 4140 Nicolai

179 4163 304 4225 Heinsii')
317 4164 391 4215 Pont.
404 4166 501 4215 Avanc.
514 4167 581 4228 vulg.
594 4168 634 4216 lor
645 4183 762 4217 mrrwrcr
772 4171 818 4220 rei.
935 4171 981 4220 118
989 4173 1088 4234 proelia
1095 4188 1211 4235 mnas:
1229 4188 1258 4222 so
1269 4188 1296 4223 rv
1308 4175 1380 4225 1009.

176 4247 276 4308 proelia
288 4262 436 4310 papamque
454 4247 546 4296 (lamb.
564 4248 635 4298 Nico.
654 4263 719 4298 corr.
736 4249 801 4298 Mar.
819 4248 892 4299 sunt.
909 4252 1030 4316 wrongly.
1128 4255 1129 4258 ’
1151 4255 1197 4304 125
1214 4257 1294 4316 nicom
1312 4257 1380 4304 haec.

181 4327 298 4376 ‘Marull
316 4333 407 4378 contra
425 4345 447 4379 v.
467 4330 484 4378 l.
502 4329 646 4392 scripserat,
665 4332 726 4382 lruc’
745 4331 810 4382 Gis:
827 4331 890 4382 both
907 4334 964 4384 stu,
983 4337 996 4383 1
1016 4335 1069 4386 aud
1087 4336 1159 4386 Junt
1177 4336 1242 4388 have
1261 4353 1330 4400 mooe
1347 4343 1382 4388 od
