3008 4800
680 226 785 290 =IV

240 415 314 457 cum
337 412 412 454 vero
435 390 584 453 deorsum
608 411 666 474 per
688 389 796 453 fauces
817 371 1050 474 praecipitavit,

240 495 330 558 nulla
353 493 501 576 voluptas
525 499 583 566 est,
606 491 685 554 dum
708 490 833 554 diditur
855 492 957 556 omnis
980 491 1014 554 in
1036 466 1152 601 artus(

240 620 299 661 neo
321 597 419 659 refert
442 593 616 679 quicquam
639 615 703 678 quo
727 594 816 657 victu
839 616 951 678 corpus
973 595 1088 669 alatur,

240 696 414 762 dummodo
437 695 524 781 quod
547 695 655 779 capias
677 703 864 759 concoctum
888 695 996 759 didere
1018 696 1118 780 possis

239 800 374 864 artubus
397 799 613 863 etstomachi
635 799 819 862 umidulum
842 820 966 862 servare
989 774 1150 966 tenoreml

285 904 384 968 Nunc
406 903 479 968 aliis
501 903 585 967 alius
608 902 665 988 qui
688 903 732 966 sit
755 903 837 966 cibu’
861 903 968 966 suavis
990 913 1024 966 et
1046 902 1132 966 almu

239 1007 418 1093 expediam,
441 1028 590 1092 quareve,
613 1006 686 1070 aliis
709 1007 795 1090 quod
818 1006 911 1070 triste
934 1015 967 1071 et
989 1017 1174 1082 amarumst,

238 1111 299 1176 hoc
321 1119 433 1175 tamen
456 1133 525 1175 esse
548 1110 620 1174 aliis
643 1111 745 1196 possit
767 1111 918 1196 perdulce
941 1111 1051 1186 videri,

240 1224 396 1301 tantaque
418 1215 455 1278 io
478 1214 529 1278 his
551 1214 648 1279 rebus
669 1214 827 1278 distantia
849 1214 1079 1299 differitasque,

238 1328 277 1383 ut
299 1319 385 1404 quod
408 1318 452 1381 ali
475 1317 567 1381 cibus
589 1325 640 1381 est
662 1316 735 1382 aliis
758 1317 829 1381 fuat
851 1339 922 1380 acre
945 1338 1113 1392 venenum,

238 1430 393 1507 extetque
417 1430 456 1486 ut
479 1443 618 1506 serpena,
643 1420 782 1484 hominis
805 1443 888 1506 quae
911 1429 998 1485 tacta
1022 1420 1130 1484 salivis

238 1524 374 1610 disperit
397 1546 435 1587 ac
457 1546 525 1588 sese
550 1523 733 1587 mandendo
756 1523 884 1587 conficit
907 1515 998 1613 ipsal

240 1636 408 1714 praeterea
430 1627 524 1692 nobis
546 1636 712 1691 veratrum
735 1636 786 1691 est
807 1649 879 1691 acre
902 1649 1070 1703 venenum,

191 1775 193 1778 <
238 1740 274 1796 at
296 1731 401 1817 capris
423 1731 536 1816 adipes
559 1739 593 1794 et
615 1730 836 1795 coturnicibus
858 1718 983 1898 augetss

238 1845 277 1901 ut
299 1836 419 1921 quibus
442 1834 476 1898 id
499 1834 558 1897 fiat
580 1835 677 1898 rebus
699 1856 889 1920 cognoscere
911 1856 951 1919 po
983 1834 1019 1911 is,

238 1938 395 2024 principio
418 1937 604 2001 meminisse
626 1938 721 2002 decet
744 1960 826 2023 quae
849 1937 988 2002 diximus
1010 1946 1095 2013 ante,

238 2042 363 2106 semina
384 2041 586 2104 multimodis
609 2040 644 2104 in
666 2041 763 2105 rebus
786 2043 889 2105 mixta
911 2029 1038 2122 teneri!

237 2168 330 2232 porro
352 2168 465 2210 omnes
487 2168 711 2231 quaecumque
735 2146 843 2210 cibum
867 2144 1211 2231 capiuntanimantes

236 2260 275 2314 ut
298 2258 375 2314 sunt
397 2248 571 2313 dissimiles
593 2249 794 2313 extrinsecus
816 2258 850 2314 et
872 2249 1051 2336 generatim

237 2355 359 2419 extima
382 2354 601 2418 membrorum
624 2354 878 2419 circumcaesura
900 2363 1030 2431 coercet,

237 2458 371 2543 proinde
394 2464 429 2521 et
451 2456 629 2522 seminibus
652 2466 803 2522 constant
826 2459 970 2522 variante
991 2423 1118 2578 figural

237 2560 360 2624 semina
381 2582 456 2624 cum
479 2581 573 2644 porro
596 2560 728 2636 distent,
750 2561 879 2624 differre
902 2570 1061 2625 necessest

236 2664 407 2729 intervalla
429 2663 572 2748 viasque,
595 2664 752 2728 foramina
774 2687 857 2750 quae
880 2664 1093 2748 perhibemus

237 2767 385 2831 omnibus
409 2767 443 2829 in
467 2766 621 2831 membris
644 2775 678 2831 et
701 2768 735 2830 in
757 2789 812 2831 ore
834 2767 967 2852 ipsoque
989 2764 1121 2862 palatol

236 2892 303 2934 esse
327 2869 451 2934 minora
474 2870 577 2956 igitur
598 2871 758 2956 quaedam
783 2871 967 2957 maioraque
989 2872 1118 2948 debent,

236 2996 306 3039 esse
329 2975 491 3059 triquetra
513 2975 594 3052 aliis,
616 2975 690 3039 aliis
712 2976 871 3061 quadrata
893 2986 1060 3053 necessest,

235 3079 340 3142 multa
363 3079 515 3154 rutunda,
539 3079 642 3143 modis
665 3079 778 3144 multis
802 3079 1004 3164 multangula
1025 3066 1209 3185 quaedaml

236 3203 376 3266 namque
399 3181 577 3268 figurarum
600 3182 684 3246 ratio
706 3191 745 3247 ut
769 3191 939 3269 motusque
963 3191 1141 3269 reposcunt,
1285 3184 1324 3264 65
1331 3198 1345 3264 5

236 3284 369 3370 proinde
392 3284 605 3349 foraminibus
628 3285 750 3349 debent
773 3286 900 3350 differre
923 3286 1053 3372 figurae,

148 3471 227 3520 Lach.
242 3486 277 3520 an
289 3471 399 3532 elegant,
414 3471 460 3520 but
471 3470 631 3520 notIthink
641 3487 785 3532 necessary,
799 3472 906 3532 change.
1014 3472 1129 3535 62‘lfiue.
1162 3474 1248 3534 influe
1259 3473 1348 3522 Lamb.

149 3555 198 3602 eto.
211 3553 333 3616 Wrongly.
447 3552 495 3602 631
504 3557 586 3616 porcia
597 3553 667 3602 Flor.
679 3555 710 3602 31
724 3554 813 3603 Gamb.
827 3555 896 3603 Mon.
909 3554 965 3603 Ver.
978 3554 1041 3603 Ven.
1055 3554 1093 3602 for
1102 3570 1192 3617 posces.
1302 3555 1349 3603 632

148 3636 288 3684 umidulum
298 3635 379 3684 Lech.
391 3634 432 3684 for
443 3637 562 3684 umidum.
599 3638 737 3684 humectum
748 3636 824 3686 Pont.
840 3637 903 3684 Mar.
916 3635 971 3687 nid.
988 3637 1001 3683 l
1013 3636 1029 3683 J
1031 3640 1086 3684 unt.
1098 3636 1165 3698 vulg.
1302 3636 1349 3684 633

149 3717 309 3766 cioo’suava
320 3725 344 3766 et
356 3720 437 3766 almus
449 3717 498 3766 Ed.
512 3717 552 3765 for
568 3719 637 3767 cibus
653 3727 682 3767 ut
697 3720 836 3768 videamus:
854 3733 895 3768 see
911 3719 1000 3768 Gamb.
1016 3720 1106 3768 Journ.
1123 3720 1151 3768 of
1166 3719 1227 3782 phil.
1242 3733 1287 3782 rp.
1303 3721 1347 3768 41:

149 3798 189 3848 for
200 3800 279 3847 almus
291 3799 403 3862 perhaps
414 3807 488 3862 optus
500 3798 564 3847 with
577 3801 658 3849 [sach.
692 3804 762 3849 cibus
775 3805 863 3851 urricus
875 3810 948 3865 optus
959 3802 1054 3860 Lach.;
1075 3803 1121 3852 but
1133 3806 1219 3852 ianime
1230 3805 1253 3851 is
1264 3806 1310 3852 not
1321 3808 1349 3852 at

148 3882 184 3931 all
196 3882 369 3945 appropriate.
481 3882 529 3932 636
542 3885 570 3931 io
581 3882 664 3932 added
676 3884 709 3945 by
721 3885 822 3933 Nonius
834 3900 859 3946 p.
872 3886 911 3946 95,
926 3885 978 3934 and
989 3893 1024 3934 est
1036 3889 1063 3934 at
1074 3885 1124 3934 end
1136 3886 1163 3934 of
1173 3901 1243 3934 verse
1254 3884 1349 3947 rightly

149 3975 200 4010 om.
212 3961 246 4023 by
258 3961 302 4010 the
314 3976 394 4010 same.
517 3963 565 4013 637
576 3965 614 4012 oli
626 3964 706 4013 Lach.
719 3965 840 4014 toreliis.
955 3966 1002 4016 638
1013 3969 1138 4028 Eatetque
1148 3975 1177 4015 ut
1188 3980 1286 4027 serpens
1297 3964 1345 4014 Ed.

148 4040 189 4089 for
199 4043 248 4089 Eat
259 4043 346 4104 itaque
362 4049 391 4089 ut
406 4057 519 4103 serpens:
538 4057 565 4090 vr
581 4043 628 4093 630
645 4046 706 4093 Fert
722 4048 792 4106 itque
808 4060 869 4095 mss.
886 4046 925 4094 for
939 4048 997 4096 Fert
1012 4049 1107 4109 itaque.
1141 4050 1188 4096 Est
1204 4050 1305 4109 aliquae
1320 4056 1349 4095 ut

149 4137 247 4185 sarpam
259 4121 339 4172 Lach.
375 4125 424 4170 Eat
439 4125 528 4184 utique
543 4132 603 4174 uta.
619 4125 962 4177 Mar.Junt.Lamb.ed.3.
996 4130 1073 4192 Saepe
1087 4128 1348 4178 eterrinrs.ed.land

147 4205 172 4253 3.
281 4204 329 4254 641
341 4212 436 4254 cotum.
448 4215 558 4256 coctura.
571 4207 602 4255 A.
636 4209 780 4270 quodturn.
794 4210 823 4257 B.
935 4212 981 4260 642
998 4213 1029 4260 Ut
1040 4214 1129 4274 quibus
1141 4213 1169 4260 id
1179 4211 1268 4260 Lamb.
1282 4212 1349 4260 ed.2

148 4284 201 4336 and
212 4286 227 4334 3
239 4286 279 4335 for
289 4287 322 4335 Id
334 4288 425 4348 quibua
436 4295 473 4336 ut.
591 4289 639 4338 648
650 4297 682 4340 et.
719 4304 751 4336 ec
763 4290 834 4339 Mon.
847 4291 920 4341 Junt.
932 4293 1020 4342 Lamb.
1034 4293 1074 4342 ed.
1088 4293 1164 4342 land
1175 4295 1198 4348 2,
1211 4293 1290 4342 Laoh.
1303 4293 1348 4342 but

150 4367 251 4418 etMar.
280 4376 394 4417 constant
405 4372 523 4419 variante
528 4371 618 4433 figura
628 4371 709 4421 Lach.
722 4370 762 4419 for
773 4381 887 4422 constant
898 4378 1046 4438 variantque
1052 4376 1147 4438 figura.
1175 4377 1349 4424 discontrari-
