3008 4800
752 226 795 288 V,

249 389 384 454 collibus
406 399 440 455 et
462 391 584 477 campis
606 401 644 457 ut
666 392 831 470 haberent,
854 403 953 479 atque
975 394 1118 459 olearum

249 493 377 557 caerula
398 493 600 580 distinguens
623 496 709 561 inter
731 498 827 584 plaga
848 520 974 563 currere
997 508 1105 584 posset

251 618 308 680 per
329 596 472 661 tumulos
495 604 529 661 et
551 599 705 662 convallis
727 622 920 686 camposque
942 604 1090 688 profusa3

249 707 288 782 ut
310 722 396 763 nunc
418 723 487 765 esse
509 702 598 766 vides
620 703 707 768 vario
729 702 884 769 distincta
907 706 1015 792 lepore

250 803 366 880 omnia,
391 826 473 889 quae
494 806 598 891 pomis
620 806 769 871 intersita
791 808 940 874 dulcibus
962 821 1079 877 omant

250 905 455 991 arbustisque
478 896 592 972 tenent
614 908 762 973 felicibus
784 910 890 995 opsita
912 901 1052 1006 circuml

169 1009 171 1013 ⁴
295 1012 341 1073 At
364 1009 502 1095 liquidas
524 1010 631 1075 avium
655 1014 748 1076 voees
770 1012 928 1079 imitarier
949 1038 1002 1080 ore

252 1120 329 1176 ante
351 1112 415 1175 fuit
437 1111 540 1175 multo
563 1115 661 1196 quam
683 1111 767 1176 levia
788 1113 932 1178 carmina
952 1126 1050 1182 cantu

252 1213 476 1278 concelebrare
494 1213 640 1278 homines
661 1222 793 1299 possent
815 1215 967 1302 aurisque
989 1192 1121 1314 iuvarel

252 1326 288 1382 et
309 1317 449 1402 zephyri,
471 1338 549 1380 cava
570 1338 628 1401 per
649 1318 854 1395 calamorum,
876 1319 972 1384 sibila
993 1321 1134 1406 primum

253 1421 390 1509 agrestis
411 1420 548 1485 docuere
569 1442 663 1485 cavas
685 1420 798 1486 inflare
821 1401 966 1503 cicutas.)
1044 1446 1046 1451 ¹

254 1524 330 1589 inde
352 1523 540 1589 minutatim
562 1523 827 1589 dulcisdidicere
850 1526 1017 1611 querellas,

254 1628 338 1694 tibia
358 1649 439 1713 quas
462 1627 570 1692 fundit
591 1626 705 1714 digitis
726 1627 856 1713 pulsata
877 1637 1062 1707 canentum,
1292 1637 1370 1717 1385

255 1731 330 1794 avia
352 1752 409 1816 per
430 1752 561 1795 nemora
583 1751 621 1794 ac
642 1729 739 1794 silvas
761 1730 927 1815 saltusque
949 1740 1085 1816 reperta,

255 1856 314 1920 per
336 1834 404 1899 loca
425 1842 591 1920 pastorum
612 1833 740 1898 deserta
761 1842 861 1919 atque
884 1833 952 1898 otia
973 1809 1048 1931 dial

256 1938 336 2003 haec
356 1936 481 2002 animos
502 1936 573 2002 ollis
596 1936 781 2001 mulcebant
802 1945 902 2021 atque
925 1936 1081 2002 iuvabant
1292 1959 1375 2024 1390

255 2062 330 2105 cum
352 2040 469 2105 satiate
491 2039 575 2120 cibi3
604 2062 681 2103 nam
703 2029 775 2103 tum
798 2038 874 2105 hoco
895 2047 972 2103 sunt
995 2039 1104 2128 omnia
1125 2039 1221 2106 cordi

255 2164 351 2227 saepe
372 2143 484 2228 itaque
506 2141 593 2207 inter
613 2164 647 2206 se
668 2141 822 2227 prostrati
844 2141 879 2206 in
901 2142 1048 2229 gramine
1070 2143 1160 2207 molli

256 2255 388 2333 propter
410 2269 512 2332 aquae
534 2247 636 2311 rivom
658 2245 719 2311 sub
741 2246 840 2310 ramis
862 2245 984 2310 arboris
1005 2245 1092 2309 altae

256 2373 321 2416 non
343 2352 470 2438 magnis
492 2350 607 2437 opibus
628 2349 768 2416 iucunde
790 2373 921 2436 corpora
943 2350 1116 2427 habebant,

257 2455 447 2540 praesertim
470 2476 544 2518 curn
565 2461 742 2539 tempestas
763 2453 892 2518 ridebat
914 2461 948 2518 et
970 2452 1048 2517 anni
1297 2473 1377 2542 1395
1449 2449 1452 2455 ⁵

259 2567 405 2644 tempora
427 2558 606 2645 pingebant
628 2557 798 2622 viridantis
821 2557 954 2622 floribus
976 2556 1100 2622 herbas.

259 2671 332 2728 turn
354 2663 432 2740 ioca,
454 2672 527 2727 turn
549 2685 661 2739 sermo,
683 2670 755 2727 turn
779 2662 888 2726 dulces
911 2683 980 2725 esse
1003 2660 1152 2725 cachinni

260 2775 458 2832 consuerant.
487 2766 623 2854 agrestis
645 2766 732 2831 enim
755 2775 827 2830 turn
850 2787 944 2829 musa
965 2764 1115 2851 vigebat;

259 2878 332 2933 tum
354 2878 453 2955 caput
475 2879 574 2955 atque
597 2891 724 2935 umeros
746 2869 851 2955 plexis
873 2868 1025 2933 redimire
1048 2870 1172 2934 coronis

259 2973 392 3038 fioribus
414 2982 447 3038 et
470 2973 555 3039 foliis
577 2972 708 3038 lascivia
730 2973 817 3037 laeta
839 2972 1002 3047 monebat,
1291 2993 1382 3055 „¹400

260 3085 360 3160 atque
382 3085 475 3141 extra
496 3099 668 3141 numerum
691 3076 862 3161 procedere
884 3075 1031 3139 membra
1053 3084 1221 3142 moventes

261 3177 386 3242 duriter
408 3186 441 3242 et
463 3179 544 3243 duro
565 3186 685 3243 terram
708 3178 790 3265 pede
811 3178 932 3264 pellere
954 3186 1111 3260 matrem;

261 3280 347 3344 unde
369 3281 555 3347 oriebantur
576 3282 659 3347 risus
681 3282 854 3367 dulcesque
876 3281 1033 3359 cachinni,

262 3385 370 3450 omnia
391 3384 477 3471 quod
499 3393 675 3450 novatum
698 3385 802 3472 magis
825 3385 904 3450 haec
926 3393 960 3449 et
982 3385 1065 3449 mira
1086 3385 1248 3472 vigebant.

261 3498 295 3554 et
318 3489 529 3576 vigilantibus
552 3491 628 3554 hinc
649 3491 784 3554 aderant
807 3490 923 3554 solacia
946 3490 1059 3566 somni,
1299 3509 1380 3575 1405

263 3594 380 3658 ducere
403 3593 603 3658 multimodis
625 3616 717 3658 voces
739 3602 774 3658 et
796 3594 924 3658 flectere
947 3601 1062 3658 cantus

263 3708 297 3763 et
319 3720 436 3783 supera
457 3698 595 3762 calamos
618 3720 700 3762 unco
722 3719 906 3783 percurrere
929 3698 1037 3778 labr0;

177 3987 253 4028 terra.
353 3977 416 4025 1388
434 3975 595 4026 1389=1454
612 3976 684 4036 1455,
696 3973 749 4024 an'd
760 3974 874 4024 ambare
885 3974 956 4036 quite
967 3979 1013 4025 out
1025 3975 1052 4024 of
1066 3976 1148 4038 place.
1248 3977 1312 4027 1391
1330 3985 1384 4028 tum

177 4060 237 4109 hooc
253 4065 312 4108 suat
328 4059 412 4108 omnio
427 4058 469 4106 ‘ut
485 4056 590 4118 quidam
606 4056 708 4119 legunt’
721 4069 781 4117 says
796 4055 887 4104 hamb.
900 4057 939 4105 lor
956 4064 1008 4105 tum
1022 4065 1079 4105 cant
1094 4059 1193 4106 omnio:
1210 4057 1382 4118 oomp.1404.

179 4148 232 4191 tum
242 4147 301 4191 aaut
311 4141 425 4190 cannino
436 4139 513 4190 Irach.
528 4141 582 4188 otia
592 4138 683 4188 Faber.
804 4139 868 4190 1397
884 4140 941 4187 ioco
951 4136 1021 4186 Flor.
1034 4139 1067 4187 31·
1077 4138 1141 4189 Mar.
1157 4137 1215 4187 ald.
1228 4139 1241 4186 1
1254 4137 1271 4186 J
1272 4141 1328 4188 unt.
1344 4138 1385 4188 for

149 4258 152 4273 .
179 4223 242 4272 loca.
341 4223 405 4272 1400
421 4220 613 4272 monebatFlor.
628 4220 734 4271 31Mar.
749 4220 822 4270 Junt.
837 4219 877 4269 for
891 4222 1010 4271 uwvebot.
1112 4220 1176 4270 1405
1192 4222 1290 4271 calocio
1305 4225 1386 4272 sumai

178 4301 271 4352 hamb.
288 4285 428 4351 Laohslor
444 4303 541 4350 solacia
555 4307 647 4350 somno.
681 4303 799 4349 ‘secutus
816 4314 875 4348 snm
891 4299 1005 4349 codicem
1023 4299 1195 4350 Vaticanum‘
1213 4315 1272 4364 says
1289 4301 1383 4354 Iamb.

178 4385 221 4435 All
232 4383 277 4434 the
287 4397 350 4432 mss.
364 4387 391 4433 at
403 4385 506 4445 present
517 4383 545 4430 in
557 4382 602 4432 the
613 4380 723 4432 Vatican
734 4380 808 4442 have,
823 4380 836 4429 1
852 4380 956 4443 believe,
970 4397 1067 4432 somno:
1084 4381 1132 4437 but
1147 4381 1224 4445 again
1240 4383 1293 4433 and
1307 4385 1385 4447 again
