3008 4800
719 196 768 260 IV

232 363 267 417 et
290 353 413 419 variare
436 355 508 420 viae
530 355 664 440 proinde
687 379 724 420 ac
746 364 877 420 textura
897 367 1028 421 coercet.

234 457 294 521 hoc
317 458 374 522 ubi
397 458 485 545 quod
507 482 606 524 suave
628 470 679 524 est
700 459 773 524 ahie
793 459 866 523 aliis
888 459 926 523 fit
947 482 1102 535 amarum,

234 560 291 637 illi,
313 562 367 625 cui
390 585 489 627 suave
511 572 570 639 est,
594 562 755 627 levissima
776 585 906 647 corpora
926 563 1047 627 debent

235 665 512 730 contractabiliter
534 666 642 730 caulas
663 664 784 730 intrare
806 665 916 751 palati,

235 776 270 830 at
292 777 406 831 contra
427 768 547 853 quibus
569 777 619 832 est
640 768 753 832 eadem
776 790 826 832 res
848 768 938 832 intus
958 770 1080 843 acerba,

149 942 153 949 ‚
235 892 349 955 aspera
371 871 526 950 nimirum
549 879 722 955 penetrant
744 871 939 956 hamataque
961 873 1074 936 fauces
1081 849 1090 975 l

235 996 321 1037 nunc
345 974 440 1039 facile
462 983 513 1038 est
536 996 575 1038 ex
598 973 649 1038 his
670 974 767 1038 rebus
788 996 975 1059 cognoscere
996 996 1150 1060 quaeque.

236 1077 358 1162 quippe
381 1078 440 1141 ubi
461 1078 515 1141 cui
537 1077 634 1141 febris
656 1076 715 1140 bili
736 1084 908 1161 superante
930 1086 1038 1141 coorta
1059 1086 1109 1141 est

237 1188 295 1243 aut
316 1180 382 1244 alia
403 1181 529 1244 ratione
550 1179 691 1264 aliquast
714 1179 763 1244 vis
786 1180 892 1245 excita
913 1181 1023 1263 morbi,
1283 1180 1347 1258 665

237 1282 448 1366 perturbatur
469 1282 518 1345 ibi
539 1281 605 1345 iam
628 1290 734 1345 totum
757 1304 871 1367 corpus
893 1292 928 1347 et
949 1305 1059 1347 omnes

236 1395 481 1450 commutantur
503 1385 548 1450 ibi
571 1385 734 1471 positurae
755 1385 1005 1472 principiorum;

238 1488 276 1552 fit
298 1489 389 1574 prius
411 1489 454 1552 ad
476 1511 607 1552 sensum
628 1497 768 1573 atquae
790 1511 921 1574 corpora
941 1489 1174 1554 conveniebant

237 1613 325 1655 nunc
347 1614 412 1655 non
434 1591 638 1668 conveniant,
659 1599 694 1656 et
715 1598 823 1655 cetera
843 1591 909 1655 sint
931 1591 1034 1677 magis
1056 1599 1141 1676 apta,

239 1715 322 1777 quae
344 1702 518 1779 penetrata
539 1702 665 1780 queunt
687 1716 817 1758 sensum
839 1694 1028 1780 progignere
1050 1693 1220 1772 acerbum3
1285 1694 1353 1773 670

239 1804 378 1880 utraque
401 1797 490 1861 enim
512 1806 590 1862 sunt
613 1798 648 1861 in
671 1797 775 1861 mellis
796 1797 970 1862 commixta
991 1818 1121 1881 sapore;

239 1897 273 1961 id
296 1899 382 1984 quod
405 1899 471 1963 iam
494 1923 611 1986 supera
633 1900 695 1964 tibi
717 1921 812 1986 saepe
834 1899 1032 1964 ostendimus
1054 1907 1138 1963 ante.

282 2003 381 2069 Nunc
403 2027 464 2092 age
509 2028 551 2069 uo
573 2014 667 2091 pacto
689 2004 775 2069 naris
797 2005 942 2068 adiectus
964 2004 1067 2068 odoris

240 2114 356 2192 tangat
378 2029 509 2202 agaml
526 2109 667 2193 primum
689 2130 740 2172 res
762 2107 881 2171 multas
903 2128 972 2171 esse
994 2116 1154 2170 necessest

240 2210 326 2274 unde
350 2211 454 2290 fluens
478 2212 585 2275 volvat
607 2211 715 2275 varius
737 2233 771 2275 se
793 2210 910 2275 fluctus
932 2210 1072 2285 odorum,
1287 2209 1350 2291 675

239 2322 274 2377 et
296 2314 397 2379 fluere
420 2325 455 2380 et
476 2316 566 2380 mitti
590 2316 681 2401 volgo
703 2315 874 2401 spargique
896 2314 1128 2400 putandumst;

243 2440 355 2482 verum
377 2418 450 2483 aliis
473 2419 556 2483 alius
578 2419 681 2504 magis
703 2427 752 2483 est
775 2419 997 2484 animantibus
1019 2427 1115 2504 aptus

240 2519 405 2585 dissimilis
428 2531 560 2607 propter
582 2501 722 2615 formasl
750 2521 885 2607 ideoque
899 2544 964 2607 per
986 2543 1080 2584 auras

239 2624 343 2688 mellis
366 2648 443 2710 apes
465 2627 612 2711 quamvis
635 2627 728 2712 longe
750 2626 914 2689 ducuntur
934 2627 1038 2702 odore,

240 2728 437 2814 volturiique
460 2713 694 2829 cadaveribusl
710 2738 781 2794 tum
804 2729 878 2794 fissa
900 2731 1037 2794 ferarum
1287 2730 1353 2794 680
1384 2747 1389 2760 ⁴

240 2834 362 2919 ungula
385 2856 449 2919 quo
473 2833 585 2898 tulerit
606 2856 751 2921 gressum
773 2834 928 2919 promissa
949 2856 1064 2898 canum
1087 2834 1135 2897 vis

241 2936 340 3013 ducit,
364 2945 398 3001 et
422 2938 602 3001 humanum
626 2938 719 3023 longe
742 2938 919 3022 praesentit
942 2939 1068 3021 odorem

243 3040 490 3104 Romulidarum
513 3041 594 3105 arcis
616 3049 759 3104 servator
780 3039 935 3105 candidus
957 3018 1065 3128 anserl

240 3142 286 3205 sic
307 3143 380 3207 aliis
402 3144 485 3207 alius
508 3144 600 3207 nidor
622 3143 718 3207 datus
740 3143 782 3207 ad
804 3165 862 3206 sua
884 3164 1043 3228 quemque

242 3244 362 3329 pabula
384 3245 476 3308 ducit
498 3253 533 3309 et
555 3269 575 3308 a
597 3254 701 3310 taetro
723 3245 845 3309 resilire
869 3267 989 3309 veneno

243 3346 338 3432 cogit,
361 3369 463 3432 eoque
486 3346 581 3411 modo
603 3357 772 3411 servantur
793 3348 896 3411 saecla
919 3347 1064 3410 ferarum.

287 3451 352 3515 Hic
375 3452 452 3516 odor
474 3453 543 3538 ipse
566 3453 675 3538 igitur,
698 3452 783 3515 naris
806 3452 999 3536 quicumque
1022 3449 1156 3525 lacessit,

244 3565 292 3618 est
315 3554 378 3619 alio
401 3564 440 3619 ut
463 3556 564 3642 possit
587 3555 734 3641 permitti
757 3555 883 3641 longius
904 3555 1005 3632 alter3

243 3658 299 3722 sed
322 3668 434 3723 tamen
457 3660 544 3723 haud
567 3659 738 3744 quisquam
761 3668 829 3722 tam
852 3658 945 3743 longe
968 3657 1069 3720 fertur
1092 3679 1199 3720 eorum

243 3785 341 3848 quam
364 3763 497 3840 sonitus,
522 3785 619 3848 quam
644 3786 711 3837 vox,
734 3762 830 3826 mitto
853 3761 917 3824 iam
939 3760 1043 3825 dicere
1066 3783 1163 3846 quam
1186 3783 1236 3825 res
1289 3761 1355 3842 690

156 3958 248 4015 aratque
254 3953 342 4015 sipara
354 3951 446 4000 Lamb.
459 3951 498 4000 ed.
511 3953 534 3999 3.
664 3949 712 3999 668
722 3958 751 3999 ut
762 3949 844 3998 added
856 3950 888 4012 by
899 3950 967 3999 Flor.
981 3950 1011 3996 31
1024 3948 1113 4010 Gamb.
1126 3949 1191 3998 Mar.
1229 3951 1261 3998 Ut
1272 3949 1352 4000 Lach.

157 4033 196 4081 lor
208 4035 258 4082 Fit.
410 4033 458 4082 671
471 4032 518 4083 672
529 4030 610 4079 Lach.
622 4032 708 4092 places
719 4032 785 4079 after
796 4030 853 4079 662.
886 4031 1000 4090 Bernays
1012 4044 1135 4092 supposes
1147 4045 1217 4078 some
1229 4045 1315 4079 verses
1327 4035 1353 4080 to

156 4114 222 4164 have
232 4115 297 4164 been
310 4116 361 4165 lost
372 4115 458 4164 before
470 4114 556 4175 them;
569 4115 581 4161 I
593 4113 710 4162 followed
721 4113 776 4161 him
788 4113 815 4161 in
827 4127 870 4175 my
882 4112 957 4160 small
968 4111 1006 4160 ed.
1017 4111 1063 4160 but
1075 4126 1132 4159 now
1144 4111 1238 4160 believe
1249 4113 1321 4161 there
1332 4113 1355 4162 is

156 4210 192 4244 no
206 4195 309 4246 hiatus:
327 4211 369 4245 see
380 4200 455 4245 notes
467 4198 491 4244 2.
634 4196 682 4245 680
696 4196 852 4256 Volturiiquc
864 4193 938 4242 Pont.
953 4191 1009 4240 Ald.
1023 4194 1035 4239 1
1049 4193 1089 4240 lor
1103 4193 1256 4253 Volturique.
1296 4195 1355 4242 Vul-

160 4279 272 4340 turir'quc
284 4276 350 4325 Mar.
363 4277 437 4326 Junt.
540 4277 587 4325 681
596 4279 725 4338 promissa.
740 4276 861 4337 permisso
873 4273 984 4322 Gronov.
996 4271 1075 4322 Laoh.
1114 4274 1216 4335 ‘pmissa
1229 4287 1252 4320 v.
1265 4274 1356 4335 [noth

156 4372 185 4407 or
195 4357 229 4420 B]
240 4357 282 4406 i.e.
295 4358 422 4420 permissa
433 4359 473 4408 ie.
486 4358 612 4416 immissa,
623 4357 767 4407 concitata’
778 4357 813 4406 Is.
826 4356 898 4406 Voss.
910 4355 937 4404 in
949 4369 996 4405 ms.
1008 4359 1091 4404 notes.
1208 4356 1256 4404 682
1267 4358 1355 4408 Ducit.
