3008 4800
742 191 796 256 III

264 362 397 418 naturas
419 351 585 417 hominum
609 352 713 416 varias
736 373 903 437 moresque
924 353 1090 438 sequacis;

263 477 400 539 quorum
423 476 482 541 ego
505 476 590 517 nunc
612 476 737 539 nequeo
758 476 868 518 caecas
890 476 1048 540 exponere
1071 477 1183 520 causas

265 581 325 623 nec
346 558 486 644 reperire
508 558 685 644 figurarum
708 566 758 621 tot
780 558 912 622 nomina
934 568 1014 643 quot
1037 569 1114 623 sunt

264 661 439 746 principiis,
461 660 547 725 unde
570 659 649 724 haec
670 660 773 725 oritur
796 657 955 724 variantia
976 635 1108 779 rorum!

267 765 348 828 illud
371 764 406 828 in
428 765 478 829 his
500 764 596 828 rebus
618 764 728 828 videor
750 764 877 828 firmare
899 772 1034 849 potesse,

264 866 468 952 usqueadeo
489 875 679 930 naturarum
701 867 840 952 vestigia
862 866 967 951 linqui

264 970 395 1056 parvola
416 991 499 1055 quae
520 977 662 1054 nequeat
683 970 766 1033 ratio
787 968 948 1053 depellere
969 969 1071 1045 nobis,

264 1082 303 1138 ut
325 1072 372 1136 nil
394 1071 540 1157 inpediat
561 1070 693 1156 dignam
715 1069 767 1134 dis
788 1070 905 1154 degere
927 1048 1051 1160 vitam}

308 1175 400 1239 Haec
421 1173 523 1260 igitur
544 1179 663 1236 natura
680 1180 816 1236 tenetur
837 1194 966 1257 corpore
988 1173 1030 1237 ab
1052 1174 1141 1237 omni

264 1279 397 1363 ipsaque
420 1275 559 1360 corporis
581 1282 631 1338 est
653 1283 761 1338 custos
783 1283 818 1338 et
839 1297 936 1339 causa
957 1275 1092 1355 salutis;

264 1403 340 1445 nam
362 1377 586 1443 communibus
609 1377 695 1441 inter
716 1399 750 1442 se
772 1376 934 1442 radicibus
957 1378 1093 1443 haerent

263 1506 324 1548 nec
345 1482 414 1547 sine
436 1481 576 1566 pernicie
598 1479 709 1544 divelli
731 1501 824 1565 posse
846 1453 1029 1579 videntur}

265 1587 350 1673 quod
372 1607 476 1673 genus
497 1607 515 1648 e
538 1582 644 1654 thuris
665 1582 789 1670 glaebis
811 1583 948 1649 evellere
970 1584 1100 1648 odorem

265 1690 354 1754 haud
375 1688 468 1753 facile
491 1696 540 1752 est
562 1686 641 1772 quin
664 1687 806 1751 intereat
829 1697 947 1752 natura
968 1710 1096 1774 quoque
1118 1690 1195 1754 eius.

266 1796 311 1861 sic
333 1795 434 1859 animi
455 1801 554 1877 atque
576 1793 704 1857 animae
726 1801 878 1857 naturam
900 1815 1029 1879 corpore
1053 1803 1122 1858 toto

266 1899 434 1964 extrahere
457 1897 538 1961 haut
560 1896 653 1961 facile
675 1903 725 1961 est
748 1897 828 1982 quin
850 1897 959 1962 omnia
980 1874 1225 2012 dissoluantur}

266 2001 403 2087 inplexis
424 2001 473 2064 ita
494 1998 659 2084 principiis
680 1999 723 2064 ab
745 1999 869 2085 origine
890 1999 995 2084 prima

265 2107 408 2184 intense
431 2103 515 2168 fiunt
538 2103 676 2168 consorti
697 2102 847 2188 praedita
868 2103 945 2180 vita,

266 2232 325 2274 nec
346 2208 409 2273 sibi
431 2228 577 2292 quaeque
599 2206 669 2271 sine
691 2207 826 2272 alterius
849 2208 880 2271 vi
903 2229 994 2292 posse
1017 2208 1146 2273 videtur

266 2313 404 2397 corporis
426 2321 524 2396 atque
546 2309 647 2374 animi
669 2333 813 2376 seorsum
835 2312 955 2376 sentire
977 2320 1129 2396 potestas,

266 2418 323 2482 sed
344 2415 568 2482 communibus
590 2414 752 2480 intereas
774 2415 933 2480 conflatur
954 2416 1055 2481 utrim
1079 2439 1120 2482 ue

266 2520 409 2585 motibus
432 2541 582 2584 accensus
604 2518 696 2584 nobis
718 2541 775 2604 per
797 2520 919 2585 viscera
940 2439 1078 2623 sensus]

266 2631 432 2710 praeterea
454 2643 566 2705 corpus
587 2643 646 2707 per
667 2644 701 2687 se
724 2644 784 2686 nec
804 2622 951 2709 gignitur
973 2645 1128 2709 umquam

267 2749 326 2791 nec
348 2724 461 2790 crescit
483 2746 588 2810 neque
611 2733 685 2810 post
709 2733 846 2790 mortem
869 2726 984 2790 durare
1006 2697 1163 2830 videturl

266 2853 332 2894 non
355 2830 449 2904 enim,
472 2837 510 2891 ut
532 2849 625 2891 umor
647 2851 749 2914 aquae
772 2828 913 2893 dimittit
934 2851 1029 2914 saepe
1052 2852 1203 2915 vaporem

268 2933 323 3018 qui
346 2931 443 2996 datus
466 2940 523 3006 est,
545 2952 651 3015 neque
674 2953 712 2995 ea
734 2952 832 2995 causa
852 2931 1044 2996 convellitur
1066 2933 1144 3017 ipse,

269 3035 326 3100 sed
348 3042 459 3098 manet
481 3033 660 3110 incolumis
681 3056 756 3110 non,
779 3035 921 3119 inquam,
944 3035 989 3099 sic
1012 3035 1132 3099 animai

268 3137 440 3202 discidium
462 3142 594 3221 possunt
616 3144 707 3201 artus
728 3137 869 3221 perferre
891 3138 1004 3213 relicti,

269 3244 326 3307 sed
347 3242 478 3326 penitus
501 3249 637 3325 pereunt
659 3241 803 3305 convulsi
825 3263 948 3326 conque
973 3250 1173 3327 putrescunt.

269 3368 308 3410 ex
331 3346 465 3410 ineunte
487 3366 565 3408 aevo
588 3344 633 3408 sic
655 3345 795 3429 corporis
817 3354 915 3429 atque
937 3345 1059 3409 animai

269 3458 386 3513 mutua
408 3448 515 3511 vitalis
537 3446 666 3511 discunt
689 3448 839 3535 contagia
860 3457 968 3513 motus

270 3553 425 3616 maternis
447 3549 546 3614 etiam
568 3549 721 3614 membris
744 3551 881 3636 alvoque
903 3561 1041 3636 reposta,

270 3655 440 3720 discidium
463 3663 497 3747 qt
518 3662 660 3739 nequeat
682 3654 752 3718 fieri
775 3655 844 3719 sine
867 3665 958 3740 peste
982 3654 1148 3740 maloque;

183 3837 235 3895 AB,
247 3834 330 3884 which
342 3835 417 3883 Lucr.
433 3848 493 3895 may
504 3833 569 3882 have
581 3834 699 3883 written:
717 3849 746 3883 so
762 3836 878 3896 quodvis
893 3834 936 3883 AB
952 3833 980 3883 in
998 3835 1076 3885 1090:
1095 3834 1226 3896 Augustus
1243 3835 1270 3883 in
1285 3834 1328 3884 his
1341 3849 1385 3885 res

185 3921 270 3980 gestae
281 3916 366 3964 writes
378 3916 497 3978 atiquod3
514 3929 543 3962 as
554 3914 615 3963 does
629 3915 651 3962 Β
667 3914 696 3963 in
707 3930 734 3963 vr
749 3917 813 3967 317:
830 3918 913 3979 capud
927 3916 949 3964 A
965 3930 994 3964 or
1009 3914 1031 3963 B
1046 3915 1201 3978 repeatedly.
1235 3916 1282 3965 319
1298 3917 1386 3966 videor

185 3999 267 4049 Faber
279 4000 318 4047 lor
329 4000 410 4047 video.
437 3999 541 4060 flrnrare
554 3996 612 4044 Ver.
624 3995 688 4045 Ven.
701 3996 741 4045 for
746 3998 867 4059 fonaare.
900 3998 947 4045 321
959 3999 1029 4046 nobis
1040 3996 1120 4046 Lech.
1132 3997 1171 4045 for
1183 4000 1270 4046 noetis.
1308 3999 1384 4047 dictis

186 4080 251 4129 Mar.
260 4078 427 4128 Alleunt.
437 4077 526 4126 Lamb.
536 4076 574 4127 ed
588 4077 664 4126 land
675 4079 699 4126 2.
728 4079 807 4126 doctis
818 4077 909 4126 bamb.
919 4077 959 4127 ed.
969 4080 993 4126 3.
1054 4079 1102 4127 332
1107 4080 1176 4141 fiunt
1188 4081 1385 4129 consorti...oito

187 4163 249 4212 Mar.
262 4163 335 4215 Junt.
349 4162 388 4210 for
398 4163 505 4210 consorti
516 4162 694 4223 flunt...vttoe.
793 4162 840 4209 333
852 4161 950 4223 though
965 4160 1057 4219 round,
1070 4161 1092 4210 is
1108 4160 1186 4210 much
1200 4162 1337 4224 corrupted
1351 4163 1386 4224 by

187 4243 250 4293 Mer.
263 4244 338 4292 Junt.
350 4243 441 4292 Lamb.
454 4241 520 4304 vulg.
590 4243 638 4290 335
650 4256 692 4290 ear
703 4241 783 4290 Lech.
796 4241 837 4290 for
846 4257 900 4302 eoa;
918 4257 947 4292 as
959 4258 998 4292 eoa
1009 4243 1032 4292 is
1043 4247 1164 4306 contrary
1175 4245 1203 4292 to
1214 4241 1258 4292 the
1270 4257 1347 4305 usage
1359 4245 1389 4292 os

185 4326 260 4375 Lacr.
343 4325 391 4374 346
408 4334 505 4388 reposto
522 4324 618 4373 Avanc.
637 4324 676 4373 for
692 4331 796 4386 reporto.
830 4328 921 4386 reposti
939 4325 1002 4374 Mar.
1022 4325 1097 4374 Junt.
1115 4323 1222 4374 without
1240 4339 1314 4374 sense
1340 4327 1386 4375 not
