3008 4800
168 186 225 248 142
735 169 789 232 III

292 330 446 416 Denique
467 353 526 394 cur
546 331 649 394 animi
670 353 848 415 numquam
872 353 963 395 mens
984 331 1217 415 consiliumque
1304 333 1368 413 615

249 434 398 520 gignitur
420 433 455 496 in
477 435 585 519 capite
607 442 668 498 aut
689 434 827 519 pedibus
848 434 1049 510 manibusve,
1072 433 1129 498 sed
1151 435 1227 498 unis

248 537 379 601 sedibus
400 546 436 601 et
457 536 555 600 certis
577 536 764 622 regionibus
786 536 934 601 omnibus
956 537 1077 614 haeret,

248 642 276 704 si
298 663 363 704 non
384 651 473 705 certa
495 641 565 705 loca
585 641 628 704 ad
649 642 845 704 nascendum
867 641 993 704 reddita
1015 642 1131 726 cuique

249 752 335 818 sunt,
358 752 394 808 et
416 743 473 807 ubi
496 743 651 828 quicquid
672 744 775 828 possit
795 743 910 807 durare
932 753 1086 820 creatum,

733 853 753 889 ὗ

248 925 348 1001 atque
371 916 419 979 ita
439 915 643 980 multimodis
664 914 796 999 partitis
816 915 952 980 artubus
974 939 1061 992 esse·
1302 919 1370 980 620

248 1019 466 1084 membrorum
489 1027 528 1082 ut
549 1039 729 1101 numquam
751 1017 871 1082 existat
892 1029 1117 1103 praeposterus
1139 965 1265 1112 ordoll

247 1145 352 1208 usque
373 1121 454 1186 adeo
475 1120 625 1206 sequitur
638 1114 698 1183 'res
719 1141 788 1183 rem
809 1142 914 1204 neque
936 1121 1067 1185 flamma
1090 1123 1194 1187 creari

246 1226 437 1291 fluminibus
458 1225 587 1288 solitast
608 1245 715 1308 neque
737 1223 772 1286 in
794 1223 863 1309 igni
884 1224 1012 1310 gignier
1032 1206 1150 1317 algon}

290 1331 464 1394 Praeterea
484 1328 513 1392 si
533 1327 715 1391 inmortalis
736 1335 854 1390 natura
874 1327 1027 1391 animaist
1074 1328 1078 1335 '

247 1443 282 1498 et
303 1431 425 1496 sentire
446 1438 557 1516 potest
578 1438 702 1494 secreta
722 1451 743 1492 a
764 1451 892 1514 corpore
914 1437 1032 1506 nostro,
1300 1435 1343 1496 62
1348 1449 1365 1511 5

247 1535 400 1621 quinque,
423 1543 462 1597 ut
484 1532 605 1618 opinor,
628 1554 701 1596 eam
723 1531 909 1596 faciundum
931 1541 982 1597 est
1003 1533 1152 1598 sensibus
1172 1542 1323 1613 aucta1n;

246 1660 306 1702 neo
327 1636 453 1700 ratione
474 1635 540 1699 alia
561 1643 689 1698 nosmet
710 1656 886 1720 proponere
907 1635 1000 1700 nobis

246 1761 417 1826 possumus
438 1738 582 1801 infernas
604 1737 729 1800 animos
750 1737 937 1802 Acherunte
959 1701 1096 1839 vagari}

246 1843 387 1930 pictores
408 1841 520 1927 itaque
543 1849 578 1905 et
599 1839 793 1925 scriptorum
815 1841 919 1905 saecla
940 1842 1048 1927 priora
1366 1926 1368 1930 y

246 1947 292 2011 sio
313 1945 439 2010 animas
460 1945 547 2008 intro
569 1942 734 2007 duxerunt
755 1944 901 2008 sensibus
922 1921 1057 2041 auctas!
1299 1947 1366 2029 630

245 2059 282 2114 at
302 2071 409 2134 neque
431 2070 557 2112 sorsum
578 2047 664 2131 oculi
685 2070 791 2133 neque
812 2071 906 2112 nares
927 2071 988 2113 neo
1008 2072 1125 2113 manus
1147 2050 1217 2134 ipsa

245 2175 315 2217 esse
337 2160 445 2237 potest
467 2151 595 2215 animae
617 2172 723 2235 neque
745 2172 868 2214 sorsum
891 2151 1011 2238 lingna,
1033 2174 1139 2238 neque
1160 2173 1255 2216 aures

244 2256 361 2321 auditu
383 2276 442 2339 per
463 2276 498 2318 se
519 2262 656 2338 possunt
677 2253 797 2317 sentire
818 2276 923 2338 neque
945 2228 1042 2359 eme]

289 2360 334 2423 Et
356 2357 509 2444 quoniam
532 2364 603 2420 toto
624 2356 784 2420 sentimus
805 2378 934 2440 corpore
955 2359 1060 2422 inesse

245 2463 379 2528 vitalem
401 2483 532 2526 sensum
555 2469 590 2524 et
613 2468 720 2524 totum
743 2482 812 2524 esse
833 2460 972 2524 animale
995 2460 1150 2538 videmus,
1298 2466 1361 2544 635
1449 2461 1453 2465 ’

245 2569 273 2633 si
295 2567 404 2631 subito
427 2563 573 2629 medium
594 2563 691 2627 celeri
712 2562 906 2649 praeciderit
928 2563 997 2628 icto

244 2673 293 2736 vis
316 2671 425 2756 aliqua
447 2678 486 2733 ut
508 2690 632 2732 sorsum
655 2678 782 2752 partem
804 2676 949 2731 secernat
970 2676 1151 2754 utramque,

244 2774 418 2860 dispertita
439 2772 551 2858 procul
573 2771 673 2835 dubio
696 2794 825 2857 quoque
847 2772 896 2836 vis
916 2772 1038 2836 animai

245 2889 280 2944 et
301 2879 435 2943 discissa
456 2876 554 2940 simul
576 2897 652 2939 oum
674 2896 804 2959 corpore
825 2860 1030 2975 disicietur.)

244 2991 280 3046 at
302 2979 388 3067 quod
410 2977 570 3042 scinditur
591 2988 626 3041 et
648 2977 750 3063 partis
772 2976 909 3041 discedit
930 2977 965 3040 in
988 2977 1079 3056 ullas,
1296 2982 1364 3058 640

244 3084 368 3147 scilicet
389 3090 556 3145 aeternam
578 3079 641 3143 sibi
665 3088 815 3142 naturam
835 3079 952 3144 abnuit
973 3055 1067 3177 esse,

244 3187 402 3251 falciferos
423 3191 605 3248 memorant
626 3205 739 3247 currus
760 3183 923 3248 abscidere
946 3185 1091 3248 membra

243 3312 339 3375 saepe
362 3289 411 3354 ita
431 3289 472 3353 de
495 3287 605 3351 subito
627 3286 789 3373 permixta
810 3287 906 3351 caede
928 3288 1072 3364 calentis,

244 3400 283 3457 ut
304 3400 443 3456 tremere
465 3391 500 3453 in
522 3398 609 3454 terra
631 3388 780 3453 videatur
801 3389 842 3453 ab
864 3390 999 3454 artubus
1021 3390 1056 3454 id
1079 3391 1166 3477 quod

243 3495 365 3561 decidit
387 3493 557 3569 abscisum,
579 3514 654 3557 cum
676 3514 767 3556 mens
790 3501 900 3557 tamen
921 3504 1019 3579 atque
1041 3495 1182 3559 hominis
1204 3496 1253 3560 vis
1295 3497 1358 3577 645

241 3598 424 3663 mobilitate
446 3595 524 3660 mali
546 3617 611 3659 non
633 3595 707 3680 quit
728 3595 847 3659 sentire
870 3595 1031 3677 dolorem;

241 3711 275 3767 et
297 3701 397 3766 semel
419 3699 454 3764 in
476 3720 606 3785 pugnae
628 3698 737 3762 studio
759 3700 843 3784 quod
866 3688 977 3766 dedita
999 3723 1091 3766 mens
1113 3712 1172 3777 est,

158 3822 293 3880 Gaudent,
306 3821 446 3884 proeloopa
461 3833 536 3868 senes
552 3825 598 3866 aut
615 3833 710 3867 cornua
726 3833 819 3868 sermm
913 3821 960 3871 617
976 3823 1118 3882 reoiom'bm
1135 3823 1247 3870 omuibus
1264 3823 1359 3870 haeret.

155 3902 293 3967 ropionibu’
307 3902 416 3966 pectoris
435 3901 459 3950 b.
476 3898 556 3949 Iach,
591 3900 697 3948 luminis
713 3915 763 3960 rep.
783 3901 866 3949 haeret
883 3901 931 3949 Ed
949 3902 1080 3966 formerly.
1222 3903 1295 3952 Ater
1311 3904 1360 3954 619

156 4000 290 4038 mmevao
303 3982 416 4035 arelool.
483 3982 646 4046 ooopertus
658 3982 734 4031 Bero.
747 3984 841 4045 lorpro
853 3987 919 4034 ιοιιζι.
947 3988 1067 4048 perfectis
1078 3985 1158 4034 Lech.
1225 3987 1273 4036 623
1284 3989 1361 4036 solita

156 4082 233 4131 neque
246 4067 341 4128 instant
353 4063 405 4115 AB.
441 4064 471 4112 ia
481 4064 537 4125 ipat
548 4061 618 4112 Nico.
654 4064 732 4112 solito
742 4072 778 4112 ert
790 4064 858 4112 Flos.
870 4066 901 4112 31
914 4065 1002 4116 camb.
1016 4067 1093 4115 Pont
1106 4067 1171 4116 Mar.
1278 4068 1328 4117 624
1337 4071 1361 4117 si

155 4144 385 4198 immoriantur.
398 4144 605 4194 forisportam,
723 4144 962 4206 628va9ori12soh.
974 4148 1122 4198 foroocore.
1154 4149 1358 4210 ocyoreBoorr.

155 4227 246 4280 lamb.
258 4227 326 4290 vulg.
339 4224 450 4290 perhaps
461 4224 567 4288 rightly,
709 4225 867 4277 632aoimoe
878 4228 940 4278 Pius
949 4231 1174 4292 ooanoroor'no„
1312 4231 1361 4280 633

157 4309 255 4360 Audito
266 4306 315 4358 od.
328 4307 368 4358 {or
378 4307 508 4357 Auditum.
543 4306 624 4355 Haud
634 4309 715 4368 icitur
724 4306 805 4358 Isocb.
815 4307 873 4358 vm
883 4307 939 4354 hn-
1007 4309 1047 4363 in
1054 4325 1073 4363 ι
1083 4325 1141 4361 m
1150 4313 1280 4362 mmm„
