3008 4800
230 353 315 437 quod
338 356 365 420 si
389 357 473 420 facta
496 359 577 422 foret
599 359 688 424 silvis
710 361 898 427 abscondita
921 365 1060 441 flamma,

229 479 293 521 non
316 472 446 542 possent
468 461 572 525 ullum
595 470 723 548 tempus
745 464 876 530 celarier
899 467 999 552 ignes,

230 560 423 625 conficerent
447 563 537 649 volgo
560 563 665 638 silvas,
686 566 819 629 arbusta
841 580 1031 634 cremarent.

230 662 335 727 iamne
359 663 447 728 vides
471 666 579 751 igitur,
604 666 699 750 paulo
721 668 807 752 quod
830 669 972 735 diximus
995 683 1080 749 ante,

229 768 397 852 permagni
419 768 535 831 referre
559 769 671 832 eadem
694 771 868 854 primordia
890 795 986 858 saepe

229 890 303 932 cum
326 869 444 953 quibus
466 878 500 934 et
522 870 611 954 quali
632 872 777 955 positura
797 873 1026 940 contineantur

229 980 264 1034 et
287 993 366 1056 quos
387 971 474 1036 inter
496 994 529 1037 se
551 973 631 1037 dent
654 982 760 1038 motus
782 975 1017 1062 accipiantque,

230 1081 329 1189 atque
351 1074 464 1137 eadem
487 1074 615 1159 paulo
606 1084 692 1140 mter
713 1098 748 1140 se
770 1086 899 1142 mutata
921 1101 1029 1144 creare

231 1178 321 1261 ignes
343 1187 377 1242 et
399 1179 551 1266 lignum?
568 1154 643 1272 lquc
665 1191 760 1267 pacto
783 1182 880 1247 verba
902 1206 1030 1270 quoque
1053 1185 1123 1270 ipsa

230 1281 316 1345 inter
337 1303 370 1345 se
394 1283 490 1367 paulo
512 1283 649 1348 mutatis
670 1293 747 1348 sunt
769 1284 948 1362 elementis,

230 1405 304 1446 cum
328 1384 416 1470 ligna
438 1394 537 1471 atque
559 1385 652 1472 ignes
673 1387 828 1452 distincta
850 1411 926 1454 voce
949 1399 1107 1455 notemus.

230 1487 369 1574 denique
392 1490 457 1553 iam
481 1511 702 1576 quaecumque
724 1491 759 1554 in
781 1492 877 1556 rebus
899 1493 1005 1564 cernis
1026 1503 1148 1578 apertis
1284 1510 1346 1577 915

230 1591 257 1654 si
280 1590 350 1655 fieri
372 1613 436 1655 non
458 1614 552 1677 posse
573 1602 678 1677 putas,
701 1594 780 1678 quin
803 1594 952 1659 materiai

230 1716 360 1779 corpora
381 1695 540 1759 consimili
563 1704 680 1759 natura
701 1697 850 1781 praedita
870 1697 984 1783 fingas,

230 1797 290 1861 hac
312 1797 436 1862 ratione
458 1798 521 1863 tibi
541 1807 680 1883 pereunt
702 1798 876 1885 primordia
898 1822 1025 1865 rerum:

231 1900 291 1964 fiet
275 1900 361 1964 tuti
383 1901 450 1965 risu
473 1901 611 1966 tremulo
633 1924 785 1966 concussa
806 1902 1001 1968 cachinnent

232 2013 266 2068 et
288 2004 427 2069 lacrimis
448 2005 540 2069 salsis
562 2015 728 2071 umectent
751 2030 806 2071 ora
825 2030 1000 2094 genasque
1012 1978 1021 2109 l
1285 2027 1352 2092 920

275 2108 372 2172 Nunc
393 2130 454 2194 age
477 2106 562 2193 quod
584 2118 730 2194 superest
752 2131 905 2195 cognosce
928 2118 962 2174 et
984 2111 1101 2175 clarius
1123 2089 1224 2222 audi}

231 2234 291 2275 nec
313 2234 364 2275 me
386 2211 487 2276 animi
510 2210 594 2275 fallit
616 2235 712 2296 quam
736 2213 801 2276 sint
824 2213 978 2292 obscura;
1006 2212 1063 2278 sed
1085 2213 1150 2278 acri

231 2317 390 2402 percussit
412 2316 523 2402 thyrso
547 2316 651 2381 laudis
672 2339 745 2402 spes
767 2339 885 2403 magna
907 2340 1018 2382 meum
1040 2341 1093 2383 cor

233 2429 267 2484 et
288 2421 386 2485 simul
408 2421 545 2485 incussit
567 2443 700 2485 suavem
724 2421 769 2484 mi
791 2421 825 2485 in
847 2429 989 2536 pectusx
985 2443 1127 2486 amorem

233 2547 407 2600 musarum,
429 2546 494 2609 quo
516 2545 603 2587 nunc
624 2523 798 2587 instinctus
803 2532 932 2614 mente
955 2487 1080 2611 vlg‘iid
1285 2540 1326 2604 92
1332 2539 1348 2605 5

187 2637 190 2645 ⁴
233 2627 306 2692 avia
328 2627 491 2692 Pieridum
514 2648 649 2712 peragro
672 2627 740 2690 loca
761 2584 883 2690 nullius
904 2635 982 2692 ante

233 2732 313 2796 trita
329 2711 423 2836 solo.)
452 2731 543 2796 iuvat
566 2731 708 2816 integros
730 2730 880 2796 accedere
904 2730 1003 2795 fontis

234 2841 332 2949 atque
355 2834 492 2934 haurire,
514 2834 670 2918 iuvatque
692 2857 789 2899 novos
812 2835 982 2920 decerpere
1005 2834 1098 2898 flores

234 2938 459 3054 insignemque
482 2959 553 3001 meo
576 2937 675 3057 capiti
698 2946 808 3022 petere
832 2937 907 3001 inde
931 2958 1080 3001 coronam

234 3043 320 3107 unde
342 3042 431 3128 prius
453 3041 535 3105 nulli
558 3003 695 3124 iiiaiint
698 3050 864 3132 tempora
886 3061 1016 3119 musae;
1285 3055 1353 3121 930

233 3148 373 3233 primum
397 3145 482 3231 quod
505 3145 631 3231 magnis
652 3139 749 3210 doceo
771 3145 811 3210 de
833 3145 930 3209 rebus
953 3152 987 3208 et
1009 3143 1088 3206 artis

234 3250 447 3336 religionum
449 3250 594 3314 animum
616 3249 708 3313 nodis
724 3207 894 3313 adsolitis
917 3268 1025 3332 pergo,

233 3354 350 3418 deinde
373 3353 458 3439 quod
481 3353 615 3417 obscura
636 3353 676 3416 de
698 3374 732 3416 re
756 3362 823 3416 tam
847 3351 954 3414 lucida
976 3370 1082 3434 pango

235 3459 384 3535 carmina,
407 3479 537 3522 musaeo
559 3457 749 3543 contingens
771 3463 887 3519 cuncta
909 3438 1037 3542 leporel

151 3556 176 3564 ”
235 3562 268 3626 id
291 3575 418 3647 quoque
441 3562 528 3626 enim
552 3584 616 3625 non
638 3561 679 3625 ab
701 3561 791 3625 nulla
812 3559 937 3624 ratione
961 3558 1110 3635 videtur3
1284 3571 1347 3639 935

236 3665 292 3730 sed
315 3665 416 3730 veluti
439 3665 547 3750 pueris
568 3665 732 3729 absinthia
754 3673 860 3728 taetra
881 3661 1048 3758 medentes

236 3793 310 3834 cum
333 3770 408 3833 dare
432 3778 597 3844 conantur,
620 3769 709 3854 prius
732 3767 939 3853 oraspocula
961 3766 1081 3831 oileum

151 4034 216 4083 alter
233 4034 303 4083 Nico.
321 4039 368 4083 etc.
531 4035 578 4084 909
597 4037 773 4084 οοητίηεαηεατ
789 4034 900 4095 Nauger.
918 4033 958 4082 for
979 4034 1166 4093 concinnantur,
1185 4031 1251 4079 alter
1274 4031 1349 4080 Pont,

152 4116 318 4178 apparently;
353 4116 391 4165 lor
420 4114 548 4164 Victorius
577 4115 604 4164 in
633 4115 674 4163 his
702 4114 754 4163 2nd
781 4129 846 4176 copy
873 4115 902 4163 of
929 4103 992 4165 Ven.
1023 4127 1106 4162 seems
1134 4116 1161 4160 to
1189 4111 1270 4175 imply
1292 4111 1353 4160 that

151 4199 330 4246 continuantur
341 4197 369 4246 ol
378 4196 422 4246 the
434 4198 490 4246 first
502 4211 553 4246 was
565 4197 607 4245 his
618 4211 674 4245 own
685 4211 762 4247 error.
853 4197 901 4247 912
913 4204 937 4245 et
948 4196 970 4244 B
982 4209 1046 4246 corr.
1061 4194 1135 4243 Wak.
1148 4194 1187 4242 for
1199 4209 1219 4243 e.
1304 4196 1352 4244 918

151 4279 208 4326 Hoc
219 4278 289 4326 Nicc.
302 4279 323 4326 B
334 4293 398 4328 corr.
411 4280 451 4328 lor
463 4282 542 4328 Haec.
642 4279 688 4329 919
700 4279 740 4326 uti
750 4280 804 4326 risu
816 4278 919 4326 tremulo
931 4276 1001 4325 Nicc.
1014 4275 1054 4324 for
1064 4276 1142 4323 utino
1153 4281 1182 4321 ut
1194 4275 1298 4323 ocriculo.

200 4360 247 4409 932
259 4361 377 4408 curiorum.
411 4363 505 4409 oniruos
517 4360 609 4409 Lamb.
622 4358 715 4408 Oreech
726 4358 791 4408 after
802 4356 956 4408 Lactantius
968 4357 1029 4406 inst.
1042 4369 1052 4404 1
1065 4355 1103 4404 16.
1137 4353 1199 4403 Pius
1211 4367 1270 4414 says
1285 4357 1354 4402 ‘mo-
