3008 4800
247 363 362 424 corpus
384 349 419 404 et
440 341 543 403 aerias
566 361 661 403 auras
683 361 852 422 roremque
877 333 1018 424 liquoris,

249 443 296 506 nil
319 443 353 505 in
376 442 511 505 concilio
534 452 685 504 naturam
709 452 746 504 ut
769 451 877 506 mutet
900 465 1019 518 eorum,

248 543 339 607 nulla
361 544 423 607 tibi
446 566 485 606 ex
509 543 573 607 illis
596 545 717 628 poterit
741 567 791 608 res
814 567 882 608 esse
906 555 1022 621 creata,

249 669 313 711 non
336 648 493 723 animans,
515 670 579 711 non
602 648 751 712 exanimo
774 671 848 712 cum
871 671 1011 734 corpore,
1033 661 1070 714 ut
1093 651 1205 714 arbos:

249 751 369 835 quippe
392 773 485 814 suam
508 752 647 836 quicque
671 751 704 814 in
727 761 821 815 coetu
845 754 1000 817 variantis
1022 756 1126 818 acervi

249 862 400 918 naturam
423 854 574 919 ostendet
597 855 782 939 mixtusque
806 855 970 920 videbitur
991 879 1045 920 aer

248 977 322 1019 cum
345 965 432 1020 terra
453 956 550 1020 simul
573 966 672 1042 atque
694 957 788 1021 ardor
811 980 885 1022 cum
908 980 978 1023 rore
1001 946 1154 1087 manere.)

250 1067 285 1121 at
307 1059 482 1144 primordia
503 1059 681 1146 gignundis
702 1060 737 1124 in
759 1059 856 1124 rebus
878 1071 1005 1145 oportet

249 1170 400 1228 naturam
422 1163 657 1228 clandestinam
679 1185 871 1248 caecamque
894 1165 1056 1242 adhibere,

249 1264 392 1329 emineat
414 1265 535 1350 nequid
557 1264 644 1351 quod
665 1275 778 1329 contra
799 1276 924 1352 pugnet
947 1276 981 1330 et
1003 1268 1110 1332 obstet

251 1369 422 1452 quominus
444 1391 514 1434 esse
536 1377 636 1455 queat
659 1370 786 1455 proprie
808 1371 1034 1456 quodcumque
1057 1354 1208 1468 creaturi

297 1471 386 1551 Quin
408 1473 510 1537 etiam
532 1480 688 1557 repetunt
710 1495 730 1536 a
751 1473 839 1538 caelo
861 1484 961 1560 atque
983 1475 1112 1561 ignibus
1134 1475 1203 1539 eius

252 1585 286 1640 et
307 1577 450 1662 primum
474 1577 598 1641 faciunt
620 1577 730 1664 ignem
753 1599 788 1641 se
811 1587 938 1642 vertere
962 1579 995 1641 in
1017 1600 1111 1642 auras

252 1678 343 1754 aeris,
365 1677 441 1742 hinc
463 1679 601 1743 imbrem
623 1679 715 1765 gigni
738 1688 922 1763 terramque
945 1681 1046 1744 creari

253 1805 292 1846 ex
314 1783 411 1847 imbri
433 1792 584 1868 retroque
606 1806 626 1846 a
649 1793 735 1847 terra
756 1792 874 1847 cuncta
896 1784 1024 1860 reverti,

253 1908 398 1951 umorem
420 1887 573 1972 primum,
595 1896 668 1971 post
690 1908 772 1962 aera,
795 1886 913 1950 deinde
936 1887 1082 1962 calorem,

202 2059 204 2062 ,
253 2012 312 2054 nec
334 2013 456 2056 cessare
479 1992 559 2056 haec
580 1992 667 2056 inter
689 2013 723 2056 se
746 1999 882 2066 mutare,
906 2014 1011 2055 meare

175 2105 196 2192 g
208 2110 234 2189 χ
253 2113 273 2155 a
294 2093 382 2158 caelo
404 2095 446 2159 ad
469 2102 599 2170 terram,
621 2094 661 2158 de
684 2103 772 2158 terra
793 2093 835 2157 ad
857 2093 963 2158 sidera
987 2062 1125 2178 mundil

253 2197 338 2281 quod
361 2199 464 2263 facere
488 2198 575 2262 haud
598 2197 663 2262 ullo
685 2197 807 2262 debent
829 2197 1004 2282 primordia
1027 2208 1136 2282 pacto;

252 2299 458 2365 immutabile
481 2302 568 2366 enim
590 2300 746 2385 quiddam
768 2322 920 2385 superare
943 2310 1111 2376 necessest,

253 2425 294 2466 ne
316 2425 367 2467 res
389 2403 430 2467 ad
452 2405 557 2468 nilum
580 2404 769 2489 redigantur
792 2404 940 2468 funditus
962 2391 1095 2505 omnesl

229 2515 232 2520 '
254 2528 329 2570 nam
352 2507 578 2592 quodcumque
601 2510 668 2571 suis
691 2516 856 2570 mutatum
879 2507 997 2570 finibus
1020 2508 1096 2582 exit,

254 2610 406 2674 continuo
429 2611 489 2674 hoc
511 2633 596 2675 mors
618 2623 668 2675 est
690 2611 778 2675 illius
801 2611 887 2696 quod
911 2612 973 2676 fuit
995 2595 1095 2697 ante}

255 2722 451 2798 quapropter
473 2715 625 2799 quoniam
648 2737 731 2798 quae
754 2714 850 2799 paulo
873 2715 1014 2779 diximus
1035 2725 1112 2779 ante

257 2817 550 2884 incommutatum
574 2819 718 2895 veniunt,
740 2829 886 2883 constare
910 2829 1069 2884 necessest

255 2942 295 2984 ex
318 2921 389 2984 aliis
412 2944 459 2998 ea,
482 2943 565 3007 quae
587 2933 751 3006 nequeant
773 2923 953 2986 convertier
976 2944 1120 3006 usquam,

256 3046 296 3088 ne
320 3025 382 3089 tibi
403 3048 455 3090 res
477 3025 612 3090 redeant
634 3026 675 3090 ad
697 3026 801 3089 nilum
825 3026 973 3090 funditus
996 3047 1112 3090 omnes

256 3127 336 3213 quin
359 3128 468 3212 potius
490 3130 549 3192 tali
572 3138 689 3192 natura
711 3129 860 3214 praedita
881 3130 1041 3214 quaedam

256 3252 387 3316 corpora
409 3232 597 3308 constituas,
620 3232 728 3318 ignem
751 3233 778 3296 si
801 3232 882 3296 sorte
906 3231 1050 3306 crearint,

256 3357 348 3420 posse
371 3336 484 3400 eadem
507 3336 650 3421 demptis
672 3337 784 3421 paucis
806 3336 981 3421 paucisque
1004 3334 1144 3408 tributis,
1311 3337 1375 3400 800

71 3641 73 3646 ,
169 3590 223 3654 ing.
361 3595 409 3643 772
420 3593 482 3642 utB
496 3607 560 3644 corr.
575 3593 644 3643 Flor.
657 3595 687 3642 31
700 3593 790 3644 (lamb.
806 3594 845 3641 sor
858 3601 891 3642 et.
1033 3593 1079 3642 774
1091 3593 1206 3640 estimans
1218 3591 1293 3642 Pont.
1309 3592 1373 3644 Mar.

170 3673 245 3724 tunt.
257 3675 297 3723 for
308 3678 415 3724 coimus,
514 3678 563 3727 775
575 3678 683 3738 quicque
694 3677 723 3723 iu
733 3683 804 3723 coetu
816 3674 882 3723 Mar.
894 3674 967 3722 Jont.
982 3673 1021 3721 for
1033 3675 1135 3735 quisque
1146 3675 1174 3720 ia
1186 3681 1288 3722 coetum.

205 3756 253 3807 776
264 3757 374 3806 ostendet
385 3757 455 3806 Flor.
468 3758 499 3806 31
511 3759 608 3806 Arane.
621 3758 660 3805 ior
671 3757 788 3806 ostendit.
940 3756 985 3805 777
998 3762 1050 3816 atq.
1060 3755 1135 3801 ardor
1146 3769 1200 3802 cum
1215 3769 1268 3803 rore
1284 3755 1373 3806 Lamb.

172 3838 274 3901 acutely
290 3840 331 3888 lor
346 3848 371 3888 et
388 3822 497 3902 quodam
512 3855 569 3889 cam
585 3855 648 3888 rore.
802 3839 850 3889 778
866 3839 938 3886 rebus
954 3844 1057 3899 oportet.
1075 3837 1142 3885 rebu'
1159 3845 1277 3886 necessest
1296 3837 1375 3887 Lach.

173 3918 252 3969 Born.
271 3917 381 3975 without
403 3934 456 3982 any
472 3920 615 3982 necessity:
644 3920 664 3967 if
687 3918 789 3968 Ennius
809 3919 901 3968 Accius
924 3919 1020 3968 Seneca
1043 3917 1166 3973 Catullus,
1185 3917 1266 3978 Virgil
1286 3917 1314 3966 in
1334 3917 1377 3967 his

171 3999 297 4061 eologuas,
314 4000 464 4063 Propertius
481 4000 548 4049 Ovid
564 4000 616 4049 and
633 4001 720 4049 others
737 4015 785 4049 can
802 4014 847 4048 use
865 3999 909 4048 the
926 3999 1000 4058 word,
1021 3999 1041 4047 it
1058 3998 1080 4047 is
1098 4002 1143 4047 not
1161 4002 1203 4047 too
1220 3998 1321 4059 prosaic
1338 4000 1376 4048 sor

172 4081 247 4133 Luor.
348 4084 397 4133 780
408 4085 528 4132 ultimas
540 4084 684 4144 Naugerius
696 4083 753 4131 first
765 4083 804 4131 for
816 4085 949 4132 mutierem.
1058 4083 1103 4132 781
1117 4081 1377 4130 cr·eaturAcorr.ior

172 4171 283 4214 creatos.
381 4165 430 4215 784
447 4165 494 4214 785
512 4166 571 4213 triac
588 4166 697 4220 imbrem,
715 4180 745 4213 ex
762 4166 847 4221 imbri,
866 4181 882 4212 a
901 4173 967 4213 terra
985 4163 1049 4211 Mar.
1067 4162 1124 4211 Ald.
1143 4163 1156 4210 1
1176 4161 1229 4210 and
1248 4163 1321 4212 Junt.
1340 4165 1379 4212 sor

173 4243 234 4292 hiric
245 4245 335 4306 iqmm,
346 4260 379 4306 ea
389 4247 453 4306 iant,
466 4247 495 4292 in
506 4252 615 4294 terram:
633 4243 677 4293 the
688 4243 787 4306 change
800 4244 823 4292 is
838 4243 1020 4307 peremptorily
1032 4243 1162 4304 required:
1184 4243 1301 4293 Catullus
1317 4244 1347 4293 62
1363 4247 1378 4294 7

173 4324 263 4393 imbres
279 4338 342 4374 mss.
359 4325 400 4374 for
415 4327 494 4387 iqnes.
603 4327 650 4376 789
664 4332 740 4388 pacto
758 4324 828 4372 Mon.
846 4323 903 4373 ald.
926 4324 1028 4372 lJuut.
1047 4323 1179 4385 forfacto.
1286 4323 1334 4372 806
1352 4333 1379 4372 ιιι

261 4439 295 4487 Μ.
1276 4429 1294 4485 5
