3008 4800
786 227 802 290 Ι

263 411 321 452 nec
344 389 464 453 totiens
487 391 612 474 possint
635 391 814 474 generatim
838 392 941 454 saecla
964 389 1079 452 referre

262 502 412 555 naturam
437 515 542 556 mores
564 493 688 557 victum
712 503 884 579 motusque
908 483 1109 590 parentuml

305 595 389 658 Tum
413 617 507 680 porro
530 597 684 681 quoniam
707 607 757 661 est
781 610 962 662 extremum
985 596 1134 682 quodque
1157 618 1309 660 cacumen

779 724 797 755 ἦ

261 802 399 886 corporis
423 803 511 866 illius
533 803 620 887 quod
643 805 744 867 nostri
767 827 896 869 cernere
919 827 1029 869 sensus
1313 804 1376 866 600

262 905 328 968 iam
350 917 540 992 nequeunt:
573 909 607 972 id
630 908 785 972 nimirum
809 909 878 973 sine
901 909 1049 994 partibus
1072 917 1161 973 extat

262 1015 296 1071 et
318 1008 455 1074 minima
477 1018 605 1074 constat
628 1021 747 1074 natura
769 1034 828 1075 nec
851 1013 914 1075 fuit
937 1034 1089 1097 umquam

262 1133 375 1196 perse
399 1122 560 1178 secretum
583 1137 689 1200 neque
711 1115 846 1200 posthac
869 1139 938 1180 esse
961 1116 1090 1190 valebit,

261 1215 395 1280 alterius
417 1218 605 1301 quoniamst
628 1219 735 1304 ipsum
759 1241 841 1304 pars,
863 1220 1029 1304 primaque
1052 1227 1174 1282 etune

262 1317 338 1382 inde
360 1319 444 1384 aliae
466 1330 566 1406 atque
589 1321 672 1386 aliae
694 1321 816 1385 similes
839 1344 878 1385 ex
901 1321 1011 1386 ordine
1033 1330 1140 1406 partes
1312 1316 1373 1395 605

263 1423 393 1509 agmine
416 1424 578 1489 condenso
601 1434 753 1491 naturam
776 1427 915 1512 corporis
937 1427 1077 1512 explent,

262 1548 344 1611 quae
367 1529 522 1613 quoniam
545 1552 658 1615 perse
681 1540 849 1615 nequeunt
871 1539 1024 1605 constare,
1048 1535 1205 1592 necessest

263 1629 394 1695 haerere
418 1632 505 1697 unde
528 1644 652 1719 queant
674 1635 764 1699 nulla
786 1635 912 1699 ratione
935 1633 1054 1699 revelli.

262 1743 340 1798 sunt
363 1735 466 1821 igitur
488 1737 593 1800 solida
614 1738 791 1823 primordia
814 1739 1022 1824 simplicitate

262 1860 345 1923 quae
368 1840 512 1904 minimis
534 1842 657 1928 stipata
679 1843 852 1907 cohaerent
874 1843 1020 1929 partibus
1042 1852 1119 1916 arte,

261 1963 325 2005 non
348 1965 387 2006 ex
410 1943 541 2008 illarum
564 1956 725 2010 conventu
749 1946 927 2023 conciliata,

260 2044 318 2109 sed
339 2046 443 2133 magis
465 2057 598 2112 aeterna
621 2050 778 2135 pollentia
799 2050 1015 2135 simplicitate,

262 2149 347 2213 unde
370 2172 476 2235 neque
498 2152 596 2216 avelli
618 2153 791 2239 quicquam
815 2176 919 2240 neque
942 2153 1086 2218 deminui
1107 2152 1170 2216 iam

262 2250 409 2316 concedit
431 2261 551 2318 natura
572 2277 740 2319 reservans
763 2256 888 2319 semina
909 2245 1036 2362 rebusl

260 2363 427 2438 praeterea
449 2357 513 2421 nisi
535 2358 598 2423 erit
622 2359 803 2435 minimum,
826 2358 1013 2444 parvissima
1033 2378 1179 2443 quaeque
1312 2351 1372 2432 615

260 2478 391 2541 corpora
413 2460 610 2524 constabunt
632 2483 671 2525 ex
695 2461 843 2546 partibus
866 2461 1009 2538 infinitis,

262 2560 382 2646 quippe
405 2561 464 2626 ubi
486 2563 640 2628 dimidiae
663 2566 766 2649 partis
788 2587 862 2651 pars
883 2587 1009 2650 semper
1031 2562 1163 2628 habebit

262 2664 432 2730 dimidiam
455 2676 583 2753 partem
600 2679 665 2732 'nec
688 2691 739 2733 res
761 2669 931 2754 praefiniet
954 2659 1049 2754 ullal

152 2747 222 2848 gf·
261 2787 337 2851 ergo
359 2788 467 2830 rerum
491 2766 578 2831 inter
600 2790 760 2832 summam
784 2769 1016 2853 minimamque
1038 2766 1116 2852 quid
1138 2763 1217 2828 escit
1231 2751 1260 2858 tl

262 2868 307 2931 nil
330 2868 392 2933 erit
416 2878 455 2934 ut
477 2870 599 2949 distet;
632 2893 708 2935 nam
731 2873 878 2956 quamvis
902 2871 1047 2935 funditus
1070 2869 1172 2933 omnis
1309 2867 1373 2928 620

261 2994 388 3037 summa
409 2973 454 3037 sit
476 2973 615 3050 infinita,
639 2983 758 3050 tamen,
781 2976 971 3061 parvissima
992 2996 1074 3059 quae
1096 2985 1181 3048 suut,

262 3098 301 3140 ex
323 3077 462 3141 infinitis
484 3079 682 3143 constabunt
705 3081 853 3165 partibus
876 3079 1002 3176 aequal

263 3179 526 3265 quodquoniam
549 3182 633 3246 ratio
656 3184 811 3249 reclamat
833 3206 908 3248 vera
931 3193 1092 3271 negatque

222 3397 366 3449 see-634:
393 3398 447 3448 this
466 3414 574 3463 passage
596 3400 680 3450 which
701 3401 723 3450 is
745 3400 863 3459 difficolt,
883 3400 929 3450 but
952 3403 998 3450 not
1019 3405 1130 3461 corrupt,
1148 3397 1196 3447 has
1217 3397 1280 3446 been
1302 3395 1375 3458 sadly

173 3481 310 3531 mutilated
325 3481 360 3545 by
376 3483 413 3532 all
430 3482 528 3533 editors
545 3484 612 3532 from
629 3483 773 3534 Lambinus
790 3489 818 3533 to
835 3483 987 3533 Lachmann
1005 3482 1055 3532 and
1075 3483 1196 3543 Bernays‚
1216 3479 1272 3528 who
1292 3479 1326 3527 all
1345 3479 1373 3526 in

173 3563 293 3614 different
309 3579 379 3628 ways
399 3566 468 3614 force
487 3580 522 3614 on
541 3565 678 3614 Lucretius
697 3581 713 3616 a
733 3566 879 3615 succession
899 3566 927 3615 of
947 3565 1040 3614 absurd
1059 3564 1110 3614 and
1130 3561 1374 3622 sels-contradictory

173 3647 320 3697 assertione.
357 3647 441 3697 There
457 3663 540 3697 seems
556 3649 623 3699 after
640 3651 687 3700 599
705 3653 732 3698 10
750 3648 780 3698 be
797 3664 813 3698 a
830 3649 917 3697 hiatus
934 3648 997 3698 such
1016 3662 1045 3697 as
1065 3646 1118 3695 this
1136 3646 1291 3708 Corporibus,
1308 3644 1374 3705 quod

173 3730 226 3777 ium
242 3730 313 3778 uobis
331 3731 461 3779 minimum
479 3744 530 3779 ease
547 3731 657 3788 uidetur,
675 3732 754 3779 Debet
772 3733 833 3779 item
850 3733 948 3780 ratione
964 3733 1024 3792 pari
1043 3731 1172 3777 minimum
1191 3742 1240 3776 esee
1260 3739 1373 3774 cacumen

174 3810 292 3873 Corporis
308 3813 372 3860 cet:
396 3809 497 3860 besides
513 3809 568 3859 this
585 3813 689 3860 illumne
706 3811 745 3860 for
763 3813 864 3860 illorum
881 3811 908 3860 in
926 3812 972 3861 611
990 3811 1012 3858 is
1029 3809 1074 3859 the
1091 3809 1143 3858 sole
1160 3808 1257 3868 change
1278 3807 1289 3854 I
1309 3805 1373 3855 have

173 3891 258 3950 made,
270 3895 319 3940 two
335 3907 364 3940 or
379 3892 451 3942 three
467 3891 548 3955 slight
563 3891 617 3942 and
632 3892 738 3942 obvious
753 3909 837 3942 errors
852 3895 879 3942 01
895 3895 938 3942 AB
953 3893 1048 3954 haring
1063 3891 1125 3941 been
1142 3889 1268 3940 corrected
1285 3889 1311 3936 in
1329 3887 1372 3937 the

171 3973 238 4023 later
248 3988 311 4023 mss.
323 3988 353 4022 01
363 3972 436 4023 older
446 3973 574 4024 editions:
593 3976 640 4025 599
653 3975 693 4023 101
707 3978 826 4038 quoniam
840 3975 918 4025 Lach.
934 3978 1059 4038 quianam,
1074 3974 1150 4023 Bern.
1162 3973 1225 4036 quod
1241 3976 1305 4019 iarn:
1325 3969 1372 4019 600

172 4055 212 4104 101
223 4057 296 4105 illiue
307 4055 384 4105 Lech
400 4055 454 4105 and
464 4056 541 4106 Bern.
556 4058 644 4106 ullius.
659 4056 749 4107 Lamb.
765 4060 884 4119 quoniam
895 4065 943 4107 eut.
958 4060 1094 4120 quoiusque
1106 4072 1126 4105 c.
1141 4058 1197 4104 Cor.
1209 4062 1244 4103 eet
1255 4054 1369 4116 uliqrrod:

172 4137 219 4186 611
238 4137 317 4189 Irach.
336 4140 447 4188 ullorum
466 4139 532 4188 alter
551 4138 609 4188 Ald.
629 4142 641 4187 1
662 4138 737 4188 Junt.
753 4139 843 4189 Lamb.
864 4144 927 4189 ete:
952 4141 999 4189 628
1018 4139 1071 4190 and
1088 4141 1133 4189 631
1151 4138 1240 4187 Lamb.
1259 4137 1373 4187 followed

171 4217 205 4280 by
216 4219 252 4268 all
263 4218 420 4279 subsequcnt
432 4219 528 4269 editors
540 4220 682 4282 perversely
694 4219 768 4269 reads
780 4223 808 4269 m·
821 4220 861 4268 101
871 4224 901 4281 si,
917 4223 1000 4269 multis
1011 4221 1051 4269 tor
1061 4222 1145 4268 uultis.
1244 4218 1290 4266 608
1303 4220 1373 4266 uultu

172 4300 239 4350 Flor.
251 4302 283 4350 31
295 4301 353 4350 Ver.
365 4301 430 4366 Ven.
442 4306 491 4351 etc.
505 4303 544 4350 101
554 4304 618 4350 ulla.
652 4311 680 4351 ut
692 4311 816 4364 uequeuut
829 4305 883 4351 ullu
894 4303 915 4351 B
928 4317 989 4352 corr.
1005 4302 1088 4351 which
1100 4317 1160 4364 may
1172 4301 1202 4350 be
1213 4300 1288 4362 right.

220 4383 267 4432 61³
286 4385 337 4432 tum
353 4383 422 4433 Flor.
440 4385 472 4433 31
490 4384 548 4434 Ver.
569 4384 633 4433 Ven.
652 4388 699 4433 etc.
719 4385 757 4433 101
775 4392 834 4432 turn.
905 4385 952 4433 626
968 4391 1078 4433 constent
1094 4383 1150 4433 Ald.
1169 4383 1240 4431 dunt.
1261 4382 1300 4430 for
1316 4396 1371 4431 cou-
