3008 4800
739 193 789 256 VI

236 365 272 422 et
294 354 443 422 rorefecit
465 353 570 419 calido
592 355 749 441 gliscente
771 376 896 439 vapore,

237 481 347 525 rursus
369 459 404 523 in
425 459 579 545 antiquas
601 459 739 525 redeunt
761 458 936 544 primordia
957 458 1047 522 sedes

237 563 323 652 ignis
346 571 380 628 et
403 563 437 628 in
460 571 580 627 terram
606 562 693 626 cedit
714 561 800 626 calor
821 561 925 625 omnis
947 515 1065 655 aquail

239 666 377 754 frigidus
400 667 482 730 hanc
506 665 547 730 ob
569 687 638 729 rem
661 664 700 729 fit
723 665 792 728 fons
813 664 848 727 in
870 664 942 729 luce
964 664 1086 729 diurna.

241 780 411 856 praeterea
432 768 509 834 solis
531 768 629 833 radiis
652 767 792 832 iactatur
813 768 911 853 aquai

241 897 334 939 umor
357 884 393 939 et
415 875 450 938 in
472 875 579 938 lucem
602 871 742 937 tremulo
764 872 896 936 rarescit
918 872 959 937 ab
981 880 1091 952 aestu;
1295 874 1358 954 875

239 987 411 1063 propterea
433 975 472 1040 fit
495 975 546 1039 uti
569 996 652 1060 quae
674 974 799 1038 semina
821 996 958 1059 cumque
980 975 1079 1040 habet
1101 975 1186 1062 ignis

242 1078 411 1158 dimittat;
440 1077 534 1163 quasi
555 1098 651 1162 saepe
673 1077 793 1163 gelum,
815 1076 902 1160 quod
924 1078 1068 1142 continet
1091 1078 1125 1142 in
1148 1100 1192 1155 se,

242 1183 349 1248 mittit
372 1191 407 1248 et
429 1182 551 1247 exolvit
573 1181 710 1268 glaciem
732 1179 895 1266 nodosque
918 1165 1063 1346 relaxatd

286 1285 441 1371 Frigidus
463 1292 513 1348 est
536 1284 637 1348 etiam
661 1282 739 1358 fons,
761 1304 859 1367 supra
880 1303 977 1367 quem
999 1282 1026 1346 si
1084 1305 1179 1368 saepe

241 1396 363 1472 stuppa
384 1385 463 1450 iacit
485 1385 650 1449 flammam
673 1391 827 1469 concepto
848 1383 995 1470 protinus
1018 1384 1094 1470 igni,
1297 1388 1369 1452 880

242 1491 403 1576 taedaque
426 1489 586 1555 consimili
608 1490 735 1553 ratione
757 1510 890 1552 accensa
913 1510 970 1573 pcr
992 1489 1093 1553 undas

242 1595 399 1671 conlucet,
422 1615 627 1680 quocumque
650 1600 767 1657 natans
789 1591 969 1678 impellitur
989 1571 1099 1701 aurisl

242 1696 399 1762 nimirum
421 1697 499 1783 quia
521 1705 599 1761 sunt
621 1696 656 1760 in
678 1718 764 1782 aqua
786 1695 949 1781 permulta
970 1695 1094 1780 vaporis

244 1800 368 1865 semina
390 1800 431 1866 de
454 1789 605 1885 terraque
628 1808 789 1864 necessest
811 1798 958 1862 funditus
980 1798 1050 1883 ipsa

244 1904 329 1990 ignis
351 1925 484 1989 corpora
505 1925 564 1990 per
586 1910 694 1967 totum
717 1923 907 1988 consurgere
930 1901 1051 1965 fontem
1272 1911 1275 1917 '
1305 1906 1370 1984 885

245 2016 280 2073 et
301 2008 400 2073 simul
422 2007 585 2092 exspirare
609 2008 693 2072 foras
715 2006 868 2092 exireque
890 2006 925 2070 in
948 2028 1049 2082 auras,

246 2132 312 2175 non
334 2111 383 2174 ita
404 2110 511 2175 multa
532 2119 651 2186 tamen,
674 2109 797 2174 calidus
819 2116 919 2192 queat
941 2116 980 2171 ut
1001 2108 1071 2172 fieri
1092 2108 1171 2184 fons,

246 2222 419 2299 propterea
440 2213 586 2299 dispersa
608 2213 692 2278 foras
714 2233 882 2298 erumpere
905 2211 991 2297 cogit

247 2316 297 2380 vis
318 2338 378 2402 per
398 2338 518 2402 aquam
540 2315 650 2381 subito
672 2336 864 2400 sursumque
887 2336 926 2379 ea
947 2270 1128 2412 conciliaril

248 2419 335 2506 quod
356 2441 460 2507 genus
484 2420 567 2484 endo
590 2419 704 2484 marist
727 2418 828 2483 Aradi
850 2419 928 2494 fone,
950 2417 1052 2482 dulcis
1074 2416 1171 2503 aquai
1306 2421 1374 2501 890

248 2523 306 2609 qui
328 2523 426 2588 scatit
448 2532 483 2588 et
504 2524 604 2587 salsas
627 2523 747 2587 circum
769 2545 804 2587 se
826 2521 971 2586 dimovet
994 2521 1113 2600 undas3

249 2636 284 2692 et
306 2628 419 2693 multis
441 2628 515 2693 aliis
538 2627 674 2712 praebet
695 2625 881 2713 regionibus
904 2648 1023 2712 aequor

250 2731 431 2796 utilitatem
453 2739 670 2818 opportunam
693 2730 873 2795 sitientibu'
896 2730 1014 2805 nautis,

251 2835 337 2920 quod
360 2834 463 2899 dulcis
486 2835 572 2900 inter
594 2835 694 2899 salsas
716 2834 905 2899 intervomit
927 2833 1038 2898 undas.

250 2938 297 3002 sic
319 2937 422 3024 igitur
444 2961 502 3023 per
524 2960 599 3002 eum
622 2945 759 3023 possunt
781 2959 949 3022 erumpere
974 2936 1095 3000 fontem
1302 2940 1365 3020 895

251 3049 286 3105 et
307 3049 431 3106 scatere
452 3040 510 3105 illa
532 3041 626 3117 foras,
649 3039 685 3103 in
706 3048 860 3125 stuppam
882 3038 1004 3103 semina
1026 3061 1110 3124 quae
1132 3061 1206 3103 cum

165 3201 232 3252 ulter
242 3201 310 3251 Beda
322 3202 361 3250 ior
373 3205 471 3252 leticie:
489 3202 582 3252 Inmb.
593 3207 638 3252 too
649 3202 748 3252 notioes
763 3201 785 3250 it
796 3201 825 3250 in
835 3204 919 3251 notes
954 3216 1065 3263 teporem
1080 3199 1171 3250 Immb.
1185 3200 1226 3249 ior
1241 3215 1374 3264 vaporem:

164 3298 329 3346 eneoessary
340 3283 447 3346 change,
458 3284 560 3346 though
570 3283 898 3347 Bedeelsohnsoaporera
1056 3283 1105 3332 870
1115 3284 1232 3344 elucente
1243 3282 1320 3333 Wak.
1332 3284 1376 3336 ior

166 3369 290 3426 mente,
307 3366 450 3427 ‘eleganter
461 3369 487 3416 et
498 3367 572 3416 vere'
583 3381 644 3430 says
655 3366 734 3415 bach.
835 3367 883 3416 877
895 3367 1017 3415 Dimittat
1028 3364 1117 3416 Gamb.
1132 3366 1172 3415 ior
1182 3368 1317 3415 Demittot.

199 3450 248 3499 878
259 3449 383 3511 nodosque
394 3448 453 3498 vit
465 3449 530 3500 8876
542 3449 613 3499 Mon
628 3449 685 3515 (not
695 3449 763 3498 Flor.
778 3449 819 3512 31)
833 3448 908 3497 Pont.
919 3447 977 3497 Ald.
990 3451 1004 3496 l
1016 3448 1146 3498 Candidus
1156 3453 1184 3498 ut
1194 3449 1247 3499 end
1257 3450 1286 3499 oi
1295 3450 1313 3500 J
1314 3455 1375 3502 unt.

167 3530 208 3580 ior
218 3532 349 3593 0008000010
384 3545 506 3594 amesque
517 3531 540 3579 Δ
551 3545 617 3580 oorr.
650 3545 774 3593 ecumque
786 3529 854 3580 Flor.
870 3530 901 3578 31
913 3529 1003 3579 Oemb.
1015 3532 1031 3579 8
1042 3530 1101 3580 vit
1115 3530 1180 3581 Mer.
1194 3530 1268 3582 sunt

200 3611 249 3663 878
259 3612 381 3672 Fucinus
392 3610 461 3661 Flor.
475 3612 507 3659 31
518 3610 607 3661 Gmb.
624 3610 695 3661 Mon.
709 3609 768 3659 Ver.
780 3610 844 3660 Ven.
857 3610 998 3672 iorsrious.
1063 3613 1113 3661 887
1124 3612 1183 3660 Nou
1192 3614 1232 3660 ito
1242 3613 1325 3661 nuuc
1335 3611 1375 3663 Is.

169 3691 243 3743 Voss
255 3691 285 3741 in
296 3707 346 3741 ms.
357 3696 433 3741 notes
443 3694 485 3742 ior
495 3694 553 3742 Non
563 3695 603 3741 ite
614 3695 712 3741 wuito:
730 3691 830 3754 though
841 3691 951 3740 Hatera
962 3691 1035 3740 knew
1045 3692 1075 3742 oi
1090 3692 1152 3753 this,
1165 3692 1269 3742 neither
1279 3693 1313 3742 he
1324 3709 1377 3745 nor

167 3788 221 3838 unp
231 3774 316 3824 editor
327 3775 413 3824 before
424 3774 506 3824 Lech.
515 3773 627 3837 adopted
638 3773 667 3824 it
697 3775 756 3824 Nou
765 3782 817 3823 tore
827 3777 882 3823 uita
893 3773 964 3823 Niso
991 3775 1048 3823 Non
1056 3783 1108 3823 ton
1118 3776 1198 3823 usito
1209 3774 1284 3826 Pont
1315 3776 1378 3826 Noa

169 3864 221 3906 ten
231 3861 293 3907 stoa
303 3858 372 3919 vulg.
471 3860 520 3907 888
531 3858 669 3920 Propterea
680 3856 760 3905 Lech.
771 3856 812 3905 ior
821 3858 966 3906 Praetereo.
1063 3858 1112 3907 898
1121 3861 1212 3906 amitt
1222 3859 1306 3906 Aradi
1312 3861 1377 3921 fone

167 3938 480 3990 Remmium
495 3942 663 4003 porotsoas:
679 3939 807 3988 eoerttin
823 3937 1151 3996 consutioneshnndB
1167 3939 1378 3991 hwoeohthis

168 4019 657 4082 hesding‘deiontemdiinmue'.
690 4019 976 4083 noridmciiofonels
990 4019 1063 4070 Voss
1077 4020 1166 4071 inme
1180 4010 1265 4070 notes.
1306 4027 1378 4073 nari

167 4104 250 4167 qrimt
256 4103 316 4165 ,1000
327 4101 397 4151 Flor.
407 4105 440 4152 31
452 4103 543 4152 (lamb.
556 4103 621 4152 uu.
633 4105 684 4152 eto
781 4103 830 4153 889
840 4103 975 4151 conciliari
984 4101 1076 4150 Lamia
1087 4103 1129 4151 tor
1138 4104 1285 4152 conciliare.

201 4184 251 4234 898
258 4183 362 4246 praeiet
373 4183 442 4234 Flor.
456 4185 488 4233 31
500 4183 592 4233 Gemb.
603 4183 670 4233 Mer.
681 4183 755 4232 sunt
768 4184 808 4233 ior
814 4192 926 4246 praeter.
1007 4185 1056 4233 884
1066 4185 1148 4233 duleis
1158 4184 1228 4233 Flet.
1239 4186 1272 4233 31
1283 4184 1378 4237 Onmh.

169 4263 228 4314 Ver.
240 4264 359 4316 venun
368 4268 459 4316 deicit.
589 4267 789 4330 Btiqsul'en.
801 4265 1095 4330 (mmmmm.)
1107 4265 1379 4334 &htlytettinatlby

170 4346 203 4396 11.
215 4346 244 4396 P.
256 4347 370 4398 Honrd
380 4347 438 4398 who
448 4352 560 4398 cortem
569 4348 613 4398 old
623 4348 805 4411 punctuation.
838 4363 887 4410 quo
898 4347 989 4397 hemia
999 4347 1074 4409 vulgo
1084 4346 1164 4398 lacn
