<?xml version="1.0" encoding="UTF-8"?>
<!DOCTYPE html PUBLIC "-//W3C//DTD XHTML 1.0 Transitional//EN"
    "http://www.w3.org/TR/xhtml1/DTD/xhtml1-transitional.dtd">
<html xmlns="http://www.w3.org/1999/xhtml" xml:lang="en" lang="en">
 <head>
  <title>
</title>
<meta http-equiv="Content-Type" content="text/html;charset=utf-8" />
  <meta name='ocr-system' content='tesseract 3.04.00' />
  <meta name='ocr-capabilities' content='ocr_page ocr_carea ocr_par ocr_line ocrx_word'/>
</head>
<body>
  <div class='ocr_page' id='page_1' title='image "./tlucreticarider00munrgoog_0246.png"; bbox 0 0 3008 4800; ppageno 0'>
   <div class='ocr_carea' id='block_1_1' title="bbox 681 212 1305 296">
    <p class='ocr_par' dir='ltr' id='par_1_1' title="bbox 681 212 1305 296">
     <span class='ocr_line' id='line_1_1' title="bbox 681 212 1305 296; baseline 0.005 -22"><span class='ocrx_word' id='word_1_1' title='bbox 681 212 710 274; x_wconf 90' lang='lat' dir='ltr'>V</span> <span class='ocrx_word' id='word_1_2' title='bbox 1243 230 1305 296; x_wconf 86' lang='lat'>229</span> 
     </span>
    </p>
   </div>
   <div class='ocr_carea' id='block_1_2' title="bbox 182 370 1305 564">
    <p class='ocr_par' dir='ltr' id='par_1_2' title="bbox 182 370 1305 564">
     <span class='ocr_line' id='line_1_2' title="bbox 184 370 1305 461; baseline 0.005 -27"><span class='ocrx_word' id='word_1_3' title='bbox 184 392 242 435; x_wconf 92' lang='lat' dir='ltr'>nec</span> <span class='ocrx_word' id='word_1_4' title='bbox 265 379 375 435; x_wconf 90' lang='lat' dir='ltr'>manet</span> <span class='ocrx_word' id='word_1_5' title='bbox 398 370 465 435; x_wconf 88' lang='lat' dir='ltr'>ulla</span> <span class='ocrx_word' id='word_1_6' title='bbox 487 370 539 435; x_wconf 91' lang='lat' dir='ltr'>sui</span> <span class='ocrx_word' id='word_1_7' title='bbox 562 371 677 436; x_wconf 88' lang='lat' dir='ltr'>similis</span> <span class='ocrx_word' id='word_1_8' title='bbox 699 395 769 437; x_wconf 90' lang='lat' dir='ltr'>res:</span> <span class='ocrx_word' id='word_1_9' title='bbox 798 375 908 438; x_wconf 90' lang='lat' dir='ltr'>omnia</span> <span class='ocrx_word' id='word_1_10' title='bbox 929 374 1078 461; x_wconf 89' lang='lat' dir='ltr'>migrant,</span> <span class='ocrx_word' id='word_1_11' title='bbox 1119 444 1122 448; x_wconf 66' lang='grc'>,</span> <span class='ocrx_word' id='word_1_12' title='bbox 1155 376 1157 381; x_wconf 79' lang='grc'><strong>’</strong></span> <span class='ocrx_word' id='word_1_13' title='bbox 1243 381 1305 458; x_wconf 85' lang='lat'>830</span> 
     </span>
     <span class='ocr_line' id='line_1_3' title="bbox 182 453 971 564; baseline 0.004 -26"><span class='ocrx_word' id='word_1_14' title='bbox 182 476 292 540; x_wconf 89' lang='lat' dir='ltr'>omnia</span> <span class='ocrx_word' id='word_1_15' title='bbox 313 483 495 540; x_wconf 90' lang='lat' dir='ltr'>commutat</span> <span class='ocrx_word' id='word_1_16' title='bbox 518 485 637 540; x_wconf 88' lang='lat' dir='ltr'>natura</span> <span class='ocrx_word' id='word_1_17' title='bbox 659 484 694 540; x_wconf 90' lang='lat' dir='ltr'>et</span> <span class='ocrx_word' id='word_1_18' title='bbox 716 485 843 542; x_wconf 90' lang='lat' dir='ltr'>vertere</span> <span class='ocrx_word' id='word_1_19' title='bbox 865 453 971 564; x_wconf 72' lang='lat' dir='ltr'>cogit}</span> 
     </span>
    </p>
   </div>
   <div class='ocr_carea' id='block_1_3' title="bbox 38 577 1307 3352">
    <p class='ocr_par' dir='ltr' id='par_1_3' title="bbox 38 577 1307 3352">
     <span class='ocr_line' id='line_1_4' title="bbox 184 577 1064 664; baseline 0.002 -21"><span class='ocrx_word' id='word_1_20' title='bbox 184 601 324 664; x_wconf 91' lang='lat' dir='ltr'>namque</span> <span class='ocrx_word' id='word_1_21' title='bbox 346 577 430 641; x_wconf 90' lang='lat' dir='ltr'>aliut</span> <span class='ocrx_word' id='word_1_22' title='bbox 452 579 612 662; x_wconf 74' lang='lat' dir='ltr'>putrescit</span> <span class='ocrx_word' id='word_1_23' title='bbox 635 588 670 644; x_wconf 92' lang='lat' dir='ltr'>et</span> <span class='ocrx_word' id='word_1_24' title='bbox 691 602 772 644; x_wconf 86' lang='lat' dir='ltr'>aevo</span> <span class='ocrx_word' id='word_1_25' title='bbox 794 579 900 645; x_wconf 91' lang='lat' dir='ltr'>debile</span> <span class='ocrx_word' id='word_1_26' title='bbox 924 581 1064 664; x_wconf 88' lang='lat' dir='ltr'>languet,</span> 
     </span>
     <span class='ocr_line' id='line_1_5' title="bbox 184 659 1026 766; baseline 0.002 -22"><span class='ocrx_word' id='word_1_27' title='bbox 184 702 276 765; x_wconf 90' lang='lat' dir='ltr'>porro</span> <span class='ocrx_word' id='word_1_28' title='bbox 297 680 382 743; x_wconf 90' lang='lat' dir='ltr'>aliut</span> <span class='ocrx_word' id='word_1_29' title='bbox 404 679 550 744; x_wconf 77' lang='lat' dir='ltr'>clarescit</span> <span class='ocrx_word' id='word_1_30' title='bbox 573 690 608 744; x_wconf 91' lang='lat' dir='ltr'>et</span> <span class='ocrx_word' id='word_1_31' title='bbox 630 703 646 746; x_wconf 90' lang='lat' dir='ltr'>c</span> <span class='ocrx_word' id='word_1_32' title='bbox 668 682 912 766; x_wconf 74' lang='lat' dir='ltr'>contemptibus</span> <span class='ocrx_word' id='word_1_33' title='bbox 934 659 1026 754; x_wconf 74' lang='lat' dir='ltr'>exiti</span> 
     </span>
     <span class='ocr_line' id='line_1_6' title="bbox 183 784 905 869; baseline 0.003 -21"><span class='ocrx_word' id='word_1_34' title='bbox 183 784 229 849; x_wconf 91' lang='lat' dir='ltr'>sic</span> <span class='ocrx_word' id='word_1_35' title='bbox 251 784 352 869; x_wconf 86' lang='lat' dir='ltr'>igitur</span> <span class='ocrx_word' id='word_1_36' title='bbox 375 784 489 849; x_wconf 90' lang='lat' dir='ltr'>mundi</span> <span class='ocrx_word' id='word_1_37' title='bbox 511 793 665 849; x_wconf 89' lang='lat' dir='ltr'>naturam</span> <span class='ocrx_word' id='word_1_38' title='bbox 688 785 792 850; x_wconf 92' lang='lat' dir='ltr'>totius</span> <span class='ocrx_word' id='word_1_39' title='bbox 813 795 905 850; x_wconf 85' lang='lat' dir='ltr'>aetas</span> 
     </span>
     <span class='ocr_line' id='line_1_7' title="bbox 184 886 1301 975; baseline 0.003 -24"><span class='ocrx_word' id='word_1_40' title='bbox 184 894 293 951; x_wconf 90' lang='lat' dir='ltr'>mutat</span> <span class='ocrx_word' id='word_1_41' title='bbox 314 895 349 951; x_wconf 91' lang='lat' dir='ltr'>et</span> <span class='ocrx_word' id='word_1_42' title='bbox 371 909 411 950; x_wconf 89' lang='lat' dir='ltr'>ex</span> <span class='ocrx_word' id='word_1_43' title='bbox 433 886 497 951; x_wconf 89' lang='lat' dir='ltr'>alio</span> <span class='ocrx_word' id='word_1_44' title='bbox 521 895 641 952; x_wconf 89' lang='lat' dir='ltr'>terram</span> <span class='ocrx_word' id='word_1_45' title='bbox 665 896 773 953; x_wconf 86' lang='lat' dir='ltr'>status</span> <span class='ocrx_word' id='word_1_46' title='bbox 795 889 917 975; x_wconf 89' lang='lat' dir='ltr'>excipit</span> <span class='ocrx_word' id='word_1_47' title='bbox 939 889 1039 954; x_wconf 88' lang='lat' dir='ltr'>alter:</span> <span class='ocrx_word' id='word_1_48' title='bbox 1242 895 1301 973; x_wconf 84' lang='lat'>835</span> 
     </span>
     <span class='ocr_line' id='line_1_8' title="bbox 183 988 1136 1077; baseline 0.004 -24"><span class='ocrx_word' id='word_1_49' title='bbox 183 988 270 1074; x_wconf 92' lang='lat' dir='ltr'>quod</span> <span class='ocrx_word' id='word_1_50' title='bbox 292 990 401 1074; x_wconf 88' lang='lat' dir='ltr'>potuit</span> <span class='ocrx_word' id='word_1_51' title='bbox 423 990 547 1076; x_wconf 87' lang='lat' dir='ltr'>nequit,</span> <span class='ocrx_word' id='word_1_52' title='bbox 570 999 609 1055; x_wconf 95' lang='lat' dir='ltr'>ut</span> <span class='ocrx_word' id='word_1_53' title='bbox 631 990 734 1077; x_wconf 88' lang='lat' dir='ltr'>possit</span> <span class='ocrx_word' id='word_1_54' title='bbox 757 992 843 1076; x_wconf 92' lang='lat' dir='ltr'>quod</span> <span class='ocrx_word' id='word_1_55' title='bbox 865 1014 931 1057; x_wconf 89' lang='lat' dir='ltr'>non</span> <span class='ocrx_word' id='word_1_56' title='bbox 953 993 1031 1057; x_wconf 89' lang='lat' dir='ltr'>tulit</span> <span class='ocrx_word' id='word_1_57' title='bbox 1053 1002 1136 1058; x_wconf 90' lang='lat' dir='ltr'>ante.</span> 
     </span>
     <span class='ocr_line' id='line_1_9' title="bbox 228 1090 1042 1180; baseline 0.006 -26"><span class='ocrx_word' id='word_1_58' title='bbox 228 1090 398 1177; x_wconf 88' lang='lat' dir='ltr'>Multaque</span> <span class='ocrx_word' id='word_1_59' title='bbox 421 1099 493 1157; x_wconf 92' lang='lat' dir='ltr'>tum</span> <span class='ocrx_word' id='word_1_60' title='bbox 516 1091 615 1157; x_wconf 87' lang='lat' dir='ltr'>tellus</span> <span class='ocrx_word' id='word_1_61' title='bbox 636 1093 739 1157; x_wconf 89' lang='lat' dir='ltr'>etiam</span> <span class='ocrx_word' id='word_1_62' title='bbox 761 1103 915 1180; x_wconf 90' lang='lat' dir='ltr'>portenta</span> <span class='ocrx_word' id='word_1_63' title='bbox 936 1117 1042 1160; x_wconf 90' lang='lat' dir='ltr'>creare</span> 
     </span>
     <span class='ocr_line' id='line_1_10' title="bbox 184 1195 922 1282; baseline 0.007 -25"><span class='ocrx_word' id='word_1_64' title='bbox 184 1202 331 1259; x_wconf 74' lang='lat' dir='ltr'>conatast</span> <span class='ocrx_word' id='word_1_65' title='bbox 354 1196 436 1259; x_wconf 90' lang='lat' dir='ltr'>mira</span> <span class='ocrx_word' id='word_1_66' title='bbox 458 1195 540 1260; x_wconf 84' lang='lat' dir='ltr'>facie</span> <span class='ocrx_word' id='word_1_67' title='bbox 564 1197 783 1282; x_wconf 87' lang='lat' dir='ltr'>membrisque</span> <span class='ocrx_word' id='word_1_68' title='bbox 805 1207 922 1276; x_wconf 88' lang='lat' dir='ltr'>coorta,</span> 
     </span>
     <span class='ocr_line' id='line_1_11' title="bbox 184 1283 1286 1386; baseline 0.005 -27"><span class='ocrx_word' id='word_1_69' title='bbox 184 1295 416 1383; x_wconf 83' lang='lat' dir='ltr'>androgynum,</span> <span class='ocrx_word' id='word_1_70' title='bbox 438 1283 682 1384; x_wconf 82' lang='lat' dir='ltr'>interutrasque¹</span> <span class='ocrx_word' id='word_1_71' title='bbox 704 1321 765 1363; x_wconf 90' lang='lat' dir='ltr'>nec</span> <span class='ocrx_word' id='word_1_72' title='bbox 788 1308 908 1376; x_wconf 89' lang='lat' dir='ltr'>utrum,</span> <span class='ocrx_word' id='word_1_73' title='bbox 932 1300 1096 1386; x_wconf 90' lang='lat' dir='ltr'>utrimque</span> <span class='ocrx_word' id='word_1_74' title='bbox 1118 1313 1286 1378; x_wconf 89' lang='lat' dir='ltr'>remotum,</span> 
     </span>
     <span class='ocr_line' id='line_1_12' title="bbox 38 1399 1303 1488; baseline 0.006 -26"><span class='ocrx_word' id='word_1_75' title='bbox 38 1410 40 1414; x_wconf 73' lang='lat'>‘</span> <span class='ocrx_word' id='word_1_76' title='bbox 183 1399 262 1464; x_wconf 90' lang='lat' dir='ltr'>orba</span> <span class='ocrx_word' id='word_1_77' title='bbox 282 1402 404 1486; x_wconf 90' lang='lat' dir='ltr'>pedum</span> <span class='ocrx_word' id='word_1_78' title='bbox 425 1402 557 1488; x_wconf 90' lang='lat' dir='ltr'>partim,</span> <span class='ocrx_word' id='word_1_79' title='bbox 580 1425 738 1467; x_wconf 91' lang='lat' dir='ltr'>manuum</span> <span class='ocrx_word' id='word_1_80' title='bbox 761 1404 896 1469; x_wconf 88' lang='lat' dir='ltr'>viduata</span> <span class='ocrx_word' id='word_1_81' title='bbox 919 1404 1066 1479; x_wconf 87' lang='lat' dir='ltr'>vicissim,</span> <span class='ocrx_word' id='word_1_82' title='bbox 1240 1409 1303 1484; x_wconf 82' lang='lat'>840</span> 
     </span>
     <span class='ocr_line' id='line_1_13' title="bbox 76 1494 1060 1592; baseline 0.004 -26"><span class='ocrx_word' id='word_1_83' title='bbox 76 1494 78 1497; x_wconf 52' lang='grc'>’</span> <span class='ocrx_word' id='word_1_84' title='bbox 184 1511 277 1568; x_wconf 90' lang='lat' dir='ltr'>muta</span> <span class='ocrx_word' id='word_1_85' title='bbox 297 1503 367 1569; x_wconf 89' lang='lat' dir='ltr'>sine</span> <span class='ocrx_word' id='word_1_86' title='bbox 383 1527 443 1569; x_wconf 90' lang='lat' dir='ltr'>ore</span> <span class='ocrx_word' id='word_1_87' title='bbox 466 1506 576 1582; x_wconf 87' lang='lat' dir='ltr'>etiam,</span> <span class='ocrx_word' id='word_1_88' title='bbox 599 1505 669 1570; x_wconf 91' lang='lat' dir='ltr'>sine</span> <span class='ocrx_word' id='word_1_89' title='bbox 694 1507 785 1571; x_wconf 90' lang='lat' dir='ltr'>voltu</span> <span class='ocrx_word' id='word_1_90' title='bbox 809 1529 904 1572; x_wconf 83' lang='lat' dir='ltr'>caeca</span> <span class='ocrx_word' id='word_1_91' title='bbox 925 1516 1060 1592; x_wconf 81' lang='lat' dir='ltr'>reperta,</span> 
     </span>
     <span class='ocr_line' id='line_1_14' title="bbox 186 1607 1123 1696; baseline 0.007 -27"><span class='ocrx_word' id='word_1_92' title='bbox 186 1607 358 1693; x_wconf 84' lang='lat' dir='ltr'>vinctaque</span> <span class='ocrx_word' id='word_1_93' title='bbox 381 1609 600 1673; x_wconf 91' lang='lat' dir='ltr'>membrorum</span> <span class='ocrx_word' id='word_1_94' title='bbox 623 1632 682 1696; x_wconf 92' lang='lat' dir='ltr'>per</span> <span class='ocrx_word' id='word_1_95' title='bbox 705 1618 814 1675; x_wconf 90' lang='lat' dir='ltr'>totum</span> <span class='ocrx_word' id='word_1_96' title='bbox 837 1633 951 1696; x_wconf 90' lang='lat' dir='ltr'>corpus</span> <span class='ocrx_word' id='word_1_97' title='bbox 972 1610 1123 1689; x_wconf 77' lang='lat' dir='ltr'>adhaesa,</span> 
     </span>
     <span class='ocr_line' id='line_1_15' title="bbox 185 1711 1186 1801; baseline 0.006 -27"><span class='ocrx_word' id='word_1_98' title='bbox 185 1732 244 1786; x_wconf 90' lang='lat' dir='ltr'>nec</span> <span class='ocrx_word' id='word_1_99' title='bbox 267 1711 369 1777; x_wconf 86' lang='lat' dir='ltr'>facere</span> <span class='ocrx_word' id='word_1_100' title='bbox 393 1721 431 1778; x_wconf 93' lang='lat' dir='ltr'>ut</span> <span class='ocrx_word' id='word_1_101' title='bbox 454 1722 587 1799; x_wconf 88' lang='lat' dir='ltr'>possent</span> <span class='ocrx_word' id='word_1_102' title='bbox 611 1715 786 1800; x_wconf 88' lang='lat' dir='ltr'>quicquam</span> <span class='ocrx_word' id='word_1_103' title='bbox 809 1737 869 1780; x_wconf 93' lang='lat' dir='ltr'>nec</span> <span class='ocrx_word' id='word_1_104' title='bbox 891 1716 1003 1780; x_wconf 87' lang='lat' dir='ltr'>cedere</span> <span class='ocrx_word' id='word_1_105' title='bbox 1026 1737 1186 1801; x_wconf 89' lang='lat' dir='ltr'>quoquam</span> 
     </span>
     <span class='ocr_line' id='line_1_16' title="bbox 169 1796 1083 1916; baseline 0.008 -40"><span class='ocrx_word' id='word_1_106' title='bbox 169 1835 246 1878; x_wconf 62' lang='lat' dir='ltr'>,nec</span> <span class='ocrx_word' id='word_1_107' title='bbox 266 1814 370 1880; x_wconf 76' lang='lat' dir='ltr'>vitare</span> <span class='ocrx_word' id='word_1_108' title='bbox 393 1816 516 1890; x_wconf 89' lang='lat' dir='ltr'>malum</span> <span class='ocrx_word' id='word_1_109' title='bbox 539 1838 600 1881; x_wconf 93' lang='lat' dir='ltr'>nec</span> <span class='ocrx_word' id='word_1_110' title='bbox 622 1839 751 1898; x_wconf 90' lang='lat' dir='ltr'>sumere</span> <span class='ocrx_word' id='word_1_111' title='bbox 774 1817 860 1902; x_wconf 92' lang='lat' dir='ltr'>quod</span> <span class='ocrx_word' id='word_1_112' title='bbox 883 1818 964 1882; x_wconf 85' lang='lat' dir='ltr'>foret</span> <span class='ocrx_word' id='word_1_113' title='bbox 986 1796 1083 1916; x_wconf 67' lang='lat' dir='ltr'>usus}</span> 
     </span>
     <span class='ocr_line' id='line_1_17' title="bbox 99 1917 1302 2006; baseline 0.004 -26"><span class='ocrx_word' id='word_1_114' title='bbox 99 1958 101 1962; x_wconf 92' lang='lat'><em>-</em></span> <span class='ocrx_word' id='word_1_115' title='bbox 186 1925 293 1982; x_wconf 83' lang='lat' dir='ltr'>cetera</span> <span class='ocrx_word' id='word_1_116' title='bbox 315 1917 355 1982; x_wconf 93' lang='lat' dir='ltr'>de</span> <span class='ocrx_word' id='word_1_117' title='bbox 377 1940 496 2004; x_wconf 87' lang='lat' dir='ltr'>genere</span> <span class='ocrx_word' id='word_1_118' title='bbox 520 1919 580 1984; x_wconf 91' lang='lat' dir='ltr'>hoc</span> <span class='ocrx_word' id='word_1_119' title='bbox 602 1928 749 1984; x_wconf 89' lang='lat' dir='ltr'>monstra</span> <span class='ocrx_word' id='word_1_120' title='bbox 770 1942 808 1984; x_wconf 88' lang='lat' dir='ltr'>ac</span> <span class='ocrx_word' id='word_1_121' title='bbox 830 1928 983 2006; x_wconf 88' lang='lat' dir='ltr'>portenta</span> <span class='ocrx_word' id='word_1_122' title='bbox 1004 1919 1142 1998; x_wconf 87' lang='lat' dir='ltr'>creabat,</span> <span class='ocrx_word' id='word_1_123' title='bbox 1243 1924 1302 2002; x_wconf 82' lang='lat'>845</span> 
     </span>
     <span class='ocr_line' id='line_1_18' title="bbox 187 2020 1068 2108; baseline 0.007 -25"><span class='ocrx_word' id='word_1_124' title='bbox 187 2020 393 2106; x_wconf 90' lang='lat' dir='ltr'>nequiquam,</span> <span class='ocrx_word' id='word_1_125' title='bbox 416 2023 571 2108; x_wconf 88' lang='lat' dir='ltr'>quoniam</span> <span class='ocrx_word' id='word_1_126' title='bbox 595 2031 715 2088; x_wconf 88' lang='lat' dir='ltr'>natura</span> <span class='ocrx_word' id='word_1_127' title='bbox 736 2024 914 2089; x_wconf 85' lang='lat' dir='ltr'>absterruit</span> <span class='ocrx_word' id='word_1_128' title='bbox 936 2033 1068 2089; x_wconf 90' lang='lat' dir='ltr'>auctum</span> 
     </span>
     <span class='ocr_line' id='line_1_19' title="bbox 186 2127 1005 2215; baseline 0.007 -27"><span class='ocrx_word' id='word_1_129' title='bbox 186 2146 246 2189; x_wconf 90' lang='lat' dir='ltr'>nec</span> <span class='ocrx_word' id='word_1_130' title='bbox 267 2134 402 2210; x_wconf 88' lang='lat' dir='ltr'>potuere</span> <span class='ocrx_word' id='word_1_131' title='bbox 424 2127 574 2211; x_wconf 91' lang='lat' dir='ltr'>cupitum</span> <span class='ocrx_word' id='word_1_132' title='bbox 596 2128 716 2192; x_wconf 88' lang='lat' dir='ltr'>aetatis</span> <span class='ocrx_word' id='word_1_133' title='bbox 739 2136 873 2215; x_wconf 89' lang='lat' dir='ltr'>tangere</span> <span class='ocrx_word' id='word_1_134' title='bbox 895 2129 1005 2194; x_wconf 88' lang='lat' dir='ltr'>florem</span> 
     </span>
     <span class='ocr_line' id='line_1_20' title="bbox 187 2217 1072 2339; baseline 0.005 -47"><span class='ocrx_word' id='word_1_135' title='bbox 187 2250 247 2292; x_wconf 93' lang='lat' dir='ltr'>nec</span> <span class='ocrx_word' id='word_1_136' title='bbox 267 2229 408 2314; x_wconf 88' lang='lat' dir='ltr'>reperire</span> <span class='ocrx_word' id='word_1_137' title='bbox 430 2229 541 2294; x_wconf 90' lang='lat' dir='ltr'>cibum</span> <span class='ocrx_word' id='word_1_138' title='bbox 563 2252 624 2295; x_wconf 92' lang='lat' dir='ltr'>nec</span> <span class='ocrx_word' id='word_1_139' title='bbox 646 2231 740 2317; x_wconf 87' lang='lat' dir='ltr'>iungi</span> <span class='ocrx_word' id='word_1_140' title='bbox 762 2254 820 2317; x_wconf 90' lang='lat' dir='ltr'>per</span> <span class='ocrx_word' id='word_1_141' title='bbox 842 2233 978 2297; x_wconf 89' lang='lat' dir='ltr'>Veneris</span> <span class='ocrx_word' id='word_1_142' title='bbox 999 2217 1072 2339; x_wconf 65' lang='lat' dir='ltr'>res.)</span> 
     </span>
     <span class='ocr_line' id='line_1_21' title="bbox 188 2330 1053 2412; baseline 0.006 -18"><span class='ocrx_word' id='word_1_143' title='bbox 188 2330 293 2394; x_wconf 90' lang='lat' dir='ltr'>multa</span> <span class='ocrx_word' id='word_1_144' title='bbox 314 2330 462 2396; x_wconf 91' lang='lat' dir='ltr'>videmus</span> <span class='ocrx_word' id='word_1_145' title='bbox 485 2332 573 2396; x_wconf 90' lang='lat' dir='ltr'>enim</span> <span class='ocrx_word' id='word_1_146' title='bbox 596 2331 694 2397; x_wconf 90' lang='lat' dir='ltr'>rebus</span> <span class='ocrx_word' id='word_1_147' title='bbox 717 2355 905 2398; x_wconf 89' lang='lat' dir='ltr'>concurrere</span> <span class='ocrx_word' id='word_1_148' title='bbox 926 2334 1053 2412; x_wconf 88' lang='lat' dir='ltr'>debere,</span> 
     </span>
     <span class='ocr_line' id='line_1_22' title="bbox 189 2434 1307 2522; baseline 0.005 -25"><span class='ocrx_word' id='word_1_149' title='bbox 189 2442 227 2498; x_wconf 92' lang='lat' dir='ltr'>ut</span> <span class='ocrx_word' id='word_1_150' title='bbox 249 2434 456 2522; x_wconf 89' lang='lat' dir='ltr'>propagando</span> <span class='ocrx_word' id='word_1_151' title='bbox 478 2436 604 2521; x_wconf 86' lang='lat' dir='ltr'>possint</span> <span class='ocrx_word' id='word_1_152' title='bbox 626 2436 804 2522; x_wconf 86' lang='lat' dir='ltr'>procudere</span> <span class='ocrx_word' id='word_1_153' title='bbox 826 2438 948 2517; x_wconf 87' lang='lat' dir='ltr'>saecla;</span> <span class='ocrx_word' id='word_1_154' title='bbox 1040 2483 1041 2486; x_wconf 18' lang='grc' dir='ltr'><strong>κ</strong></span> <span class='ocrx_word' id='word_1_155' title='bbox 1244 2442 1307 2519; x_wconf 83' lang='grc'>850</span> 
     </span>
     <span class='ocr_line' id='line_1_23' title="bbox 116 2536 1143 2628; baseline 0.007 -28"><span class='ocrx_word' id='word_1_156' title='bbox 116 2622 119 2626; x_wconf 19' lang='lat'><strong>¹</strong></span> <span class='ocrx_word' id='word_1_157' title='bbox 189 2536 308 2621; x_wconf 91' lang='lat' dir='ltr'>pabula</span> <span class='ocrx_word' id='word_1_158' title='bbox 329 2538 472 2625; x_wconf 87' lang='lat' dir='ltr'>primum</span> <span class='ocrx_word' id='word_1_159' title='bbox 495 2548 534 2605; x_wconf 91' lang='lat' dir='ltr'>ut</span> <span class='ocrx_word' id='word_1_160' title='bbox 557 2540 633 2620; x_wconf 90' lang='lat' dir='ltr'>sint,</span> <span class='ocrx_word' id='word_1_161' title='bbox 655 2541 814 2628; x_wconf 85' lang='lat' dir='ltr'>genitalia</span> <span class='ocrx_word' id='word_1_162' title='bbox 836 2541 953 2607; x_wconf 91' lang='lat' dir='ltr'>deinde</span> <span class='ocrx_word' id='word_1_163' title='bbox 975 2565 1032 2628; x_wconf 90' lang='lat' dir='ltr'>per</span> <span class='ocrx_word' id='word_1_164' title='bbox 1053 2551 1143 2607; x_wconf 86' lang='lat' dir='ltr'>artus</span> 
     </span>
     <span class='ocr_line' id='line_1_24' title="bbox 189 2642 1064 2729; baseline 0.006 -24"><span class='ocrx_word' id='word_1_165' title='bbox 189 2642 313 2707; x_wconf 87' lang='lat' dir='ltr'>semina</span> <span class='ocrx_word' id='word_1_166' title='bbox 335 2666 400 2728; x_wconf 90' lang='lat' dir='ltr'>qua</span> <span class='ocrx_word' id='word_1_167' title='bbox 421 2643 548 2729; x_wconf 89' lang='lat' dir='ltr'>possint</span> <span class='ocrx_word' id='word_1_168' title='bbox 571 2645 728 2709; x_wconf 85' lang='lat' dir='ltr'>membris</span> <span class='ocrx_word' id='word_1_169' title='bbox 751 2667 882 2709; x_wconf 88' lang='lat' dir='ltr'>manare</span> <span class='ocrx_word' id='word_1_170' title='bbox 904 2645 1064 2725; x_wconf 85' lang='lat' dir='ltr'>remissis3</span> 
     </span>
     <span class='ocr_line' id='line_1_25' title="bbox 188 2746 1050 2836; baseline 0.006 -27"><span class='ocrx_word' id='word_1_171' title='bbox 188 2746 372 2832; x_wconf 82' lang='lat' dir='ltr'>feminaque</span> <span class='ocrx_word' id='word_1_172' title='bbox 394 2760 433 2811; x_wconf 90' lang='lat' dir='ltr'>ut</span> <span class='ocrx_word' id='word_1_173' title='bbox 455 2747 600 2813; x_wconf 86' lang='lat' dir='ltr'>maribus</span> <span class='ocrx_word' id='word_1_174' title='bbox 622 2749 777 2836; x_wconf 88' lang='lat' dir='ltr'>coniungi</span> <span class='ocrx_word' id='word_1_175' title='bbox 799 2748 910 2834; x_wconf 89' lang='lat' dir='ltr'>possit,</span> <span class='ocrx_word' id='word_1_176' title='bbox 932 2749 1050 2814; x_wconf 89' lang='lat' dir='ltr'>habere</span> 
     </span>
     <span class='ocr_line' id='line_1_26' title="bbox 189 2819 1033 2938; baseline 0.005 -25"><span class='ocrx_word' id='word_1_177' title='bbox 189 2857 304 2914; x_wconf 87' lang='lat' dir='ltr'>mutua</span> <span class='ocrx_word' id='word_1_178' title='bbox 326 2849 384 2934; x_wconf 93' lang='lat' dir='ltr'>qui</span> <span class='ocrx_word' id='word_1_179' title='bbox 406 2859 537 2916; x_wconf 87' lang='lat' dir='ltr'>mutent</span> <span class='ocrx_word' id='word_1_180' title='bbox 559 2851 646 2917; x_wconf 89' lang='lat' dir='ltr'>inter</span> <span class='ocrx_word' id='word_1_181' title='bbox 668 2875 703 2917; x_wconf 89' lang='lat' dir='ltr'>se</span> <span class='ocrx_word' id='word_1_182' title='bbox 725 2852 848 2938; x_wconf 89' lang='lat' dir='ltr'>gaudia</span> <span class='ocrx_word' id='word_1_183' title='bbox 869 2819 1033 2937; x_wconf 80' lang='lat' dir='ltr'>uterquel</span> 
     </span>
     <span class='ocr_line' id='line_1_27' title="bbox 232 2951 1303 3038; baseline 0.005 -23"><span class='ocrx_word' id='word_1_184' title='bbox 232 2951 402 3038; x_wconf 90' lang='lat' dir='ltr'>Multaque</span> <span class='ocrx_word' id='word_1_185' title='bbox 425 2961 497 3018; x_wconf 93' lang='lat' dir='ltr'>tum</span> <span class='ocrx_word' id='word_1_186' title='bbox 520 2953 683 3020; x_wconf 88' lang='lat' dir='ltr'>interiisse</span> <span class='ocrx_word' id='word_1_187' title='bbox 705 2955 911 3020; x_wconf 86' lang='lat' dir='ltr'>animantum</span> <span class='ocrx_word' id='word_1_188' title='bbox 933 2955 1037 3021; x_wconf 89' lang='lat' dir='ltr'>saecla</span> <span class='ocrx_word' id='word_1_189' title='bbox 1058 2964 1217 3020; x_wconf 85' lang='lat' dir='ltr'>necessest</span> <span class='ocrx_word' id='word_1_190' title='bbox 1244 2959 1303 3037; x_wconf 83' lang='lat'>855</span> 
     </span>
     <span class='ocr_line' id='line_1_28' title="bbox 189 3036 1008 3144; baseline 0.002 -25"><span class='ocrx_word' id='word_1_191' title='bbox 189 3077 249 3119; x_wconf 90' lang='lat' dir='ltr'>nec</span> <span class='ocrx_word' id='word_1_192' title='bbox 270 3056 413 3141; x_wconf 91' lang='lat' dir='ltr'>potuisse</span> <span class='ocrx_word' id='word_1_193' title='bbox 435 3058 644 3143; x_wconf 88' lang='lat' dir='ltr'>propagando</span> <span class='ocrx_word' id='word_1_194' title='bbox 666 3059 844 3143; x_wconf 90' lang='lat' dir='ltr'>procudere</span> <span class='ocrx_word' id='word_1_195' title='bbox 866 3036 1008 3144; x_wconf 62' lang='lat' dir='ltr'>prolem]</span> 
     </span>
     <span class='ocr_line' id='line_1_29' title="bbox 188 3161 1027 3247; baseline 0.004 -23"><span class='ocrx_word' id='word_1_196' title='bbox 188 3182 265 3224; x_wconf 91' lang='lat' dir='ltr'>nam</span> <span class='ocrx_word' id='word_1_197' title='bbox 287 3183 510 3247; x_wconf 90' lang='lat' dir='ltr'>quaecumque</span> <span class='ocrx_word' id='word_1_198' title='bbox 533 3161 625 3226; x_wconf 92' lang='lat' dir='ltr'>vides</span> <span class='ocrx_word' id='word_1_199' title='bbox 647 3163 734 3227; x_wconf 93' lang='lat' dir='ltr'>vesci</span> <span class='ocrx_word' id='word_1_200' title='bbox 757 3163 912 3227; x_wconf 89' lang='lat' dir='ltr'>vitalibus</span> <span class='ocrx_word' id='word_1_201' title='bbox 934 3164 1027 3238; x_wconf 88' lang='lat' dir='ltr'>auris,</span> 
     </span>
     <span class='ocr_line' id='line_1_30' title="bbox 189 3263 1074 3352; baseline 0.003 -24"><span class='ocrx_word' id='word_1_202' title='bbox 189 3272 248 3329; x_wconf 88' lang='lat' dir='ltr'>aut</span> <span class='ocrx_word' id='word_1_203' title='bbox 269 3263 363 3328; x_wconf 91' lang='lat' dir='ltr'>dolus</span> <span class='ocrx_word' id='word_1_204' title='bbox 385 3273 444 3330; x_wconf 91' lang='lat' dir='ltr'>aut</span> <span class='ocrx_word' id='word_1_205' title='bbox 466 3265 570 3330; x_wconf 88' lang='lat' dir='ltr'>virtus</span> <span class='ocrx_word' id='word_1_206' title='bbox 593 3274 653 3330; x_wconf 90' lang='lat' dir='ltr'>aut</span> <span class='ocrx_word' id='word_1_207' title='bbox 675 3267 816 3352; x_wconf 90' lang='lat' dir='ltr'>denique</span> <span class='ocrx_word' id='word_1_208' title='bbox 839 3265 1002 3331; x_wconf 88' lang='lat' dir='ltr'>mobilitas</span> <span class='ocrx_word' id='word_1_209' title='bbox 1024 3276 1074 3331; x_wconf 90' lang='lat' dir='ltr'>est</span> 
     </span>
    </p>
   </div>
   <div class='ocr_carea' id='block_1_4' title="bbox 101 3551 1314 4436">
    <p class='ocr_par' dir='ltr' id='par_1_4' title="bbox 101 3551 1312 4192">
     <span class='ocr_line' id='line_1_31' title="bbox 104 3551 1310 3617; baseline -0.002 -15"><span class='ocrx_word' id='word_1_210' title='bbox 104 3555 241 3616; x_wconf 79' lang='lat' dir='ltr'>Acrtasque</span> <span class='ocrx_word' id='word_1_211' title='bbox 253 3553 319 3602; x_wconf 86' lang='lat' dir='ltr'>Mar.</span> <span class='ocrx_word' id='word_1_212' title='bbox 331 3552 389 3602; x_wconf 82' lang='lat' dir='ltr'>Ald.</span> <span class='ocrx_word' id='word_1_213' title='bbox 402 3553 416 3600; x_wconf 92' lang='lat' dir='ltr'>l</span> <span class='ocrx_word' id='word_1_214' title='bbox 429 3553 501 3604; x_wconf 88' lang='lat' dir='ltr'>Junt.</span> <span class='ocrx_word' id='word_1_215' title='bbox 517 3553 557 3602; x_wconf 80' lang='lat' dir='ltr'>for</span> <span class='ocrx_word' id='word_1_216' title='bbox 567 3556 716 3616; x_wconf 67' lang='lat' dir='ltr'>Aeriocquc.</span> <span class='ocrx_word' id='word_1_217' title='bbox 760 3613 763 3617; x_wconf 15' lang='lat' dir='ltr'>y</span> <span class='ocrx_word' id='word_1_218' title='bbox 832 3556 881 3603; x_wconf 91' lang='grc'>833</span> <span class='ocrx_word' id='word_1_219' title='bbox 893 3555 1007 3603; x_wconf 83' lang='lat' dir='ltr'>clarescit</span> <span class='ocrx_word' id='word_1_220' title='bbox 1018 3551 1096 3602; x_wconf 81' lang='lat' dir='ltr'>Lech.</span> <span class='ocrx_word' id='word_1_221' title='bbox 1111 3551 1150 3600; x_wconf 77' lang='lat' dir='ltr'>for</span> <span class='ocrx_word' id='word_1_222' title='bbox 1161 3554 1260 3601; x_wconf 72' lang='lat' dir='ltr'>crescit:</span> <span class='ocrx_word' id='word_1_223' title='bbox 1277 3551 1310 3601; x_wconf 94' lang='lat' dir='ltr'>he</span> 
     </span>
     <span class='ocr_line' id='line_1_32' title="bbox 104 3631 1309 3696; baseline -0.002 -13"><span class='ocrx_word' id='word_1_224' title='bbox 104 3633 161 3683; x_wconf 86' lang='lat' dir='ltr'>also</span> <span class='ocrx_word' id='word_1_225' title='bbox 171 3639 289 3696; x_wconf 82' lang='lat' dir='ltr'>suggests</span> <span class='ocrx_word' id='word_1_226' title='bbox 299 3636 440 3693; x_wconf 77' lang='lat' dir='ltr'>atwcrescit,</span> <span class='ocrx_word' id='word_1_227' title='bbox 453 3633 538 3684; x_wconf 85' lang='lat' dir='ltr'>which</span> <span class='ocrx_word' id='word_1_228' title='bbox 549 3648 611 3696; x_wconf 88' lang='lat' dir='ltr'>may</span> <span class='ocrx_word' id='word_1_229' title='bbox 621 3634 653 3683; x_wconf 93' lang='lat' dir='ltr'>be</span> <span class='ocrx_word' id='word_1_230' title='bbox 664 3633 746 3696; x_wconf 87' lang='lat' dir='ltr'>right:</span> <span class='ocrx_word' id='word_1_231' title='bbox 765 3649 794 3682; x_wconf 89' lang='lat' dir='ltr'>or</span> <span class='ocrx_word' id='word_1_232' title='bbox 806 3641 858 3682; x_wconf 78' lang='lat' dir='ltr'>turn</span> <span class='ocrx_word' id='word_1_233' title='bbox 868 3637 965 3684; x_wconf 71' lang='lat' dir='ltr'>crescit.</span> <span class='ocrx_word' id='word_1_234' title='bbox 999 3635 1132 3683; x_wconf 76' lang='lat' dir='ltr'>concrescit</span> <span class='ocrx_word' id='word_1_235' title='bbox 1142 3631 1199 3682; x_wconf 81' lang='lat' dir='ltr'>Ald.</span> <span class='ocrx_word' id='word_1_236' title='bbox 1212 3633 1225 3680; x_wconf 97' lang='lat'>1</span> <span class='ocrx_word' id='word_1_237' title='bbox 1237 3631 1254 3680; x_wconf 86' lang='lat' dir='ltr'>J</span> <span class='ocrx_word' id='word_1_238' title='bbox 1255 3634 1309 3682; x_wconf 89' lang='lat' dir='ltr'>unt.</span> 
     </span>
     <span class='ocr_line' id='line_1_33' title="bbox 105 3714 1310 3778; baseline -0.003 -12"><span class='ocrx_word' id='word_1_239' title='bbox 105 3721 152 3768; x_wconf 90' lang='lat' dir='ltr'>not</span> <span class='ocrx_word' id='word_1_240' title='bbox 161 3717 237 3767; x_wconf 89' lang='lat' dir='ltr'>Pont.</span> <span class='ocrx_word' id='word_1_241' title='bbox 251 3731 280 3765; x_wconf 92' lang='lat' dir='ltr'>or</span> <span class='ocrx_word' id='word_1_242' title='bbox 292 3715 357 3764; x_wconf 88' lang='lat' dir='ltr'>Mar.</span> <span class='ocrx_word' id='word_1_243' title='bbox 391 3731 404 3765; x_wconf 85' lang='lat' dir='ltr'>c</span> <span class='ocrx_word' id='word_1_244' title='bbox 415 3715 499 3765; x_wconf 86' lang='lat' dir='ltr'>added</span> <span class='ocrx_word' id='word_1_245' title='bbox 510 3714 544 3778; x_wconf 83' lang='lat' dir='ltr'>by</span> <span class='ocrx_word' id='word_1_246' title='bbox 556 3716 621 3766; x_wconf 88' lang='lat' dir='ltr'>Mar.</span> <span class='ocrx_word' id='word_1_247' title='bbox 634 3716 692 3766; x_wconf 77' lang='lat' dir='ltr'>ald.</span> <span class='ocrx_word' id='word_1_248' title='bbox 705 3716 720 3764; x_wconf 95' lang='lat' dir='ltr'>l</span> <span class='ocrx_word' id='word_1_249' title='bbox 731 3715 748 3764; x_wconf 86' lang='lat' dir='ltr'>J</span> <span class='ocrx_word' id='word_1_250' title='bbox 750 3719 806 3764; x_wconf 89' lang='lat' dir='ltr'>unt.</span> <span class='ocrx_word' id='word_1_251' title='bbox 970 3716 1017 3764; x_wconf 87' lang='grc'>836</span> <span class='ocrx_word' id='word_1_252' title='bbox 1034 3715 1105 3776; x_wconf 82' lang='lat' dir='ltr'>Quod</span> <span class='ocrx_word' id='word_1_253' title='bbox 1117 3716 1202 3776; x_wconf 81' lang='lat' dir='ltr'>potuit</span> <span class='ocrx_word' id='word_1_254' title='bbox 1216 3716 1310 3777; x_wconf 77' lang='lat' dir='ltr'>aequit,</span> 
     </span>
     <span class='ocr_line' id='line_1_34' title="bbox 105 3796 1310 3862; baseline -0.004 -13"><span class='ocrx_word' id='word_1_255' title='bbox 105 3809 134 3850; x_wconf 81' lang='lat' dir='ltr'>at</span> <span class='ocrx_word' id='word_1_256' title='bbox 144 3799 194 3848; x_wconf 87' lang='lat' dir='ltr'>Ed.</span> <span class='ocrx_word' id='word_1_257' title='bbox 207 3799 246 3848; x_wconf 79' lang='lat' dir='ltr'>sor</span> <span class='ocrx_word' id='word_1_258' title='bbox 258 3800 330 3860; x_wconf 80' lang='lat' dir='ltr'>Quod</span> <span class='ocrx_word' id='word_1_259' title='bbox 338 3801 424 3862; x_wconf 82' lang='lat' dir='ltr'>potuit</span> <span class='ocrx_word' id='word_1_260' title='bbox 435 3808 551 3862; x_wconf 78' lang='lat' dir='ltr'>nequeat.</span> <span class='ocrx_word' id='word_1_261' title='bbox 584 3801 693 3862; x_wconf 73' lang='lat' dir='ltr'>potenti</span> <span class='ocrx_word' id='word_1_262' title='bbox 705 3796 904 3861; x_wconf 79' lang='lat' dir='ltr'>acquccthach.</span> <span class='ocrx_word' id='word_1_263' title='bbox 939 3800 999 3846; x_wconf 79' lang='lat' dir='ltr'>tulit</span> <span class='ocrx_word' id='word_1_264' title='bbox 1009 3797 1133 3846; x_wconf 86' lang='lat' dir='ltr'>atBentl.</span> <span class='ocrx_word' id='word_1_265' title='bbox 1263 3797 1310 3845; x_wconf 83' lang='lat'>838</span> 
     </span>
     <span class='ocr_line' id='line_1_35' title="bbox 101 3878 1310 3946; baseline -0.005 -12"><span class='ocrx_word' id='word_1_266' title='bbox 101 3885 171 3946; x_wconf 74' lang='lat' dir='ltr'>facie</span> <span class='ocrx_word' id='word_1_267' title='bbox 182 3882 251 3933; x_wconf 83' lang='lat' dir='ltr'>Flor.</span> <span class='ocrx_word' id='word_1_268' title='bbox 265 3882 297 3931; x_wconf 88' lang='grc'>31</span> <span class='ocrx_word' id='word_1_269' title='bbox 308 3881 379 3930; x_wconf 87' lang='lat' dir='ltr'>Brix.</span> <span class='ocrx_word' id='word_1_270' title='bbox 393 3882 432 3930; x_wconf 84' lang='lat' dir='ltr'>for</span> <span class='ocrx_word' id='word_1_271' title='bbox 438 3883 516 3944; x_wconf 80' lang='lat' dir='ltr'>facit.</span> <span class='ocrx_word' id='word_1_272' title='bbox 650 3882 698 3930; x_wconf 87' lang='grc'>839</span> <span class='ocrx_word' id='word_1_273' title='bbox 710 3882 906 3941; x_wconf 80' lang='lat' dir='ltr'>interutrasque.</span> <span class='ocrx_word' id='word_1_274' title='bbox 941 3881 1113 3940; x_wconf 77' lang='lat' dir='ltr'>interutrcquc</span> <span class='ocrx_word' id='word_1_275' title='bbox 1124 3878 1204 3928; x_wconf 83' lang='lat' dir='ltr'>Laoh.</span> <span class='ocrx_word' id='word_1_276' title='bbox 1215 3879 1310 3928; x_wconf 80' lang='lat' dir='ltr'>Andro·</span> 
     </span>
     <span class='ocr_line' id='line_1_36' title="bbox 105 3959 1309 4030; baseline -0.005 -16"><span class='ocrx_word' id='word_1_277' title='bbox 105 3979 205 4030; x_wconf 71' lang='lat' dir='ltr'>pyrrum,</span> <span class='ocrx_word' id='word_1_278' title='bbox 219 3967 391 4026; x_wconf 73' lang='lat' dir='ltr'>internaeque</span> <span class='ocrx_word' id='word_1_279' title='bbox 405 3978 450 4012; x_wconf 84' lang='lat' dir='ltr'>occ</span> <span class='ocrx_word' id='word_1_280' title='bbox 465 3969 558 4018; x_wconf 79' lang='lat' dir='ltr'>utram,</span> <span class='ocrx_word' id='word_1_281' title='bbox 570 3963 697 4024; x_wconf 74' lang='lat' dir='ltr'>utrimque</span> <span class='ocrx_word' id='word_1_282' title='bbox 712 3969 831 4011; x_wconf 70' lang='lat' dir='ltr'>rectorum</span> <span class='ocrx_word' id='word_1_283' title='bbox 842 3960 920 4010; x_wconf 80' lang='lat' dir='ltr'>Lech.</span> <span class='ocrx_word' id='word_1_284' title='bbox 934 3964 1002 4009; x_wconf 87' lang='lat' dir='ltr'>most</span> <span class='ocrx_word' id='word_1_285' title='bbox 1018 3959 1117 4021; x_wconf 85' lang='lat' dir='ltr'>acutely</span> <span class='ocrx_word' id='word_1_286' title='bbox 1129 3960 1169 4009; x_wconf 81' lang='lat' dir='ltr'>for</span> <span class='ocrx_word' id='word_1_287' title='bbox 1183 3961 1309 4022; x_wconf 71' lang='lat' dir='ltr'>Androcy-</span> 
     </span>
     <span class='ocr_line' id='line_1_37' title="bbox 105 4045 1312 4107; baseline -0.007 -10"><span class='ocrx_word' id='word_1_288' title='bbox 105 4062 161 4098; x_wconf 82' lang='lat' dir='ltr'>nem</span> <span class='ocrx_word' id='word_1_289' title='bbox 171 4049 240 4096; x_wconf 80' lang='lat' dir='ltr'>inter</span> <span class='ocrx_word' id='word_1_290' title='bbox 250 4053 321 4095; x_wconf 68' lang='lat' dir='ltr'>abac</span> <span class='ocrx_word' id='word_1_291' title='bbox 332 4060 377 4094; x_wconf 81' lang='lat' dir='ltr'>acc</span> <span class='ocrx_word' id='word_1_292' title='bbox 388 4052 520 4107; x_wconf 79' lang='lat' dir='ltr'>atrumque</span> <span class='ocrx_word' id='word_1_293' title='bbox 530 4052 663 4106; x_wconf 75' lang='lat' dir='ltr'>atramque</span> <span class='ocrx_word' id='word_1_294' title='bbox 676 4052 802 4093; x_wconf 77' lang='lat' dir='ltr'>remotam</span> <span class='ocrx_word' id='word_1_295' title='bbox 832 4045 1007 4106; x_wconf 61' lang='lat' dir='ltr'>Acar-ocyma</span> <span class='ocrx_word' id='word_1_296' title='bbox 1017 4045 1143 4091; x_wconf 77' lang='lat' dir='ltr'>iuteratro</span> <span class='ocrx_word' id='word_1_297' title='bbox 1152 4048 1312 4103; x_wconf 62' lang='lat' dir='ltr'>maturatque</span> 
     </span>
     <span class='ocr_line' id='line_1_38' title="bbox 106 4123 1247 4192; baseline -0.006 -15"><span class='ocrx_word' id='word_1_298' title='bbox 106 4131 223 4192; x_wconf 69' lang='lat' dir='ltr'>remaque</span> <span class='ocrx_word' id='word_1_299' title='bbox 234 4134 352 4176; x_wconf 74' lang='lat' dir='ltr'>remmom</span> <span class='ocrx_word' id='word_1_300' title='bbox 363 4126 439 4176; x_wconf 73' lang='lat' dir='ltr'>Man:</span> <span class='ocrx_word' id='word_1_301' title='bbox 456 4127 577 4188; x_wconf 57' lang='lat' dir='ltr'>utrinque</span> <span class='ocrx_word' id='word_1_302' title='bbox 588 4124 611 4174; x_wconf 85' lang='lat' dir='ltr'>is</span> <span class='ocrx_word' id='word_1_303' title='bbox 622 4125 651 4173; x_wconf 90' lang='lat' dir='ltr'>in</span> <span class='ocrx_word' id='word_1_304' title='bbox 662 4125 735 4174; x_wconf 81' lang='lat' dir='ltr'>Brix.</span> <span class='ocrx_word' id='word_1_305' title='bbox 834 4125 883 4174; x_wconf 85' lang='grc'>841</span> <span class='ocrx_word' id='word_1_306' title='bbox 895 4126 970 4174; x_wconf 81' lang='lat' dir='ltr'>Mate</span> <span class='ocrx_word' id='word_1_307' title='bbox 981 4125 1090 4186; x_wconf 81' lang='lat' dir='ltr'>Ncuger.</span> <span class='ocrx_word' id='word_1_308' title='bbox 1105 4124 1144 4172; x_wconf 84' lang='lat' dir='ltr'>for</span> <span class='ocrx_word' id='word_1_309' title='bbox 1154 4123 1247 4171; x_wconf 80' lang='lat' dir='ltr'>Multo.</span> 
     </span>
    </p>

    <p class='ocr_par' dir='ltr' id='par_1_5' title="bbox 105 4202 1314 4436">
     <span class='ocr_line' id='line_1_39' title="bbox 139 4202 1313 4273; baseline -0.009 -15"><span class='ocrx_word' id='word_1_310' title='bbox 139 4210 188 4259; x_wconf 79' lang='grc'>844</span> <span class='ocrx_word' id='word_1_311' title='bbox 201 4210 270 4273; x_wconf 79' lang='lat' dir='ltr'>foret</span> <span class='ocrx_word' id='word_1_312' title='bbox 285 4223 344 4257; x_wconf 74' lang='lat' dir='ltr'>mm</span> <span class='ocrx_word' id='word_1_313' title='bbox 360 4206 454 4256; x_wconf 74' lang='lat' dir='ltr'>hamb.</span> <span class='ocrx_word' id='word_1_314' title='bbox 472 4206 513 4254; x_wconf 78' lang='lat' dir='ltr'>for</span> <span class='ocrx_word' id='word_1_315' title='bbox 528 4207 596 4255; x_wconf 83' lang='lat' dir='ltr'>volet</span> <span class='ocrx_word' id='word_1_316' title='bbox 612 4220 680 4266; x_wconf 73' lang='lat' dir='ltr'>mus,</span> <span class='ocrx_word' id='word_1_317' title='bbox 700 4221 730 4255; x_wconf 86' lang='lat' dir='ltr'>as</span> <span class='ocrx_word' id='word_1_318' title='bbox 748 4219 774 4254; x_wconf 77' lang='grc' dir='ltr'>ιν</span> <span class='ocrx_word' id='word_1_319' title='bbox 790 4205 847 4254; x_wconf 86' lang='grc'>331.</span> <span class='ocrx_word' id='word_1_320' title='bbox 986 4203 1034 4252; x_wconf 85' lang='grc'>852</span> <span class='ocrx_word' id='word_1_321' title='bbox 1049 4203 1166 4253; x_wconf 59' lang='lat' dir='ltr'>rectoria.</span> <span class='ocrx_word' id='word_1_322' title='bbox 1211 4202 1313 4250; x_wconf 72' lang='lat' dir='ltr'>remum</span> 
     </span>
     <span class='ocr_line' id='line_1_40' title="bbox 105 4282 1313 4352; baseline -0.009 -9"><span class='ocrx_word' id='word_1_323' title='bbox 105 4290 187 4343; x_wconf 65' lang='lat' dir='ltr'>hah.</span> <span class='ocrx_word' id='word_1_324' title='bbox 333 4291 383 4341; x_wconf 86' lang='grc'>853</span> <span class='ocrx_word' id='word_1_325' title='bbox 400 4291 520 4352; x_wconf 69' lang='lat' dir='ltr'>cortiaapi</span> <span class='ocrx_word' id='word_1_326' title='bbox 533 4290 625 4352; x_wconf 67' lang='lat' dir='ltr'>poscit,</span> <span class='ocrx_word' id='word_1_327' title='bbox 644 4289 744 4338; x_wconf 82' lang='lat' dir='ltr'>habere.</span> <span class='ocrx_word' id='word_1_328' title='bbox 778 4289 899 4348; x_wconf 72' lang='lat' dir='ltr'>coaizrnci</span> <span class='ocrx_word' id='word_1_329' title='bbox 913 4287 993 4349; x_wconf 75' lang='lat' dir='ltr'>poscit</span> <span class='ocrx_word' id='word_1_330' title='bbox 1009 4299 1081 4334; x_wconf 82' lang='lat' dir='ltr'>avere</span> <span class='ocrx_word' id='word_1_331' title='bbox 1097 4282 1190 4332; x_wconf 77' lang='lat' dir='ltr'>Lech:</span> <span class='ocrx_word' id='word_1_332' title='bbox 1213 4296 1229 4331; x_wconf 95' lang='lat' dir='ltr'>a</span> <span class='ocrx_word' id='word_1_333' title='bbox 1245 4288 1313 4332; x_wconf 87' lang='lat' dir='ltr'>most</span> 
     </span>
     <span class='ocr_line' id='line_1_41' title="bbox 106 4364 1314 4436; baseline -0.011 -11"><span class='ocrx_word' id='word_1_334' title='bbox 106 4369 235 4425; x_wconf 58' lang='grc' dir='ltr'>εὐναῆ</span> <span class='ocrx_word' id='word_1_335' title='bbox 247 4370 354 4436; x_wconf 78' lang='lat' dir='ltr'>phrase:</span> <span class='ocrx_word' id='word_1_336' title='bbox 371 4369 417 4420; x_wconf 82' lang='lat' dir='ltr'>the</span> <span class='ocrx_word' id='word_1_337' title='bbox 429 4369 494 4420; x_wconf 83' lang='lat' dir='ltr'>wish</span> <span class='ocrx_word' id='word_1_338' title='bbox 511 4369 540 4419; x_wconf 77' lang='lat' dir='ltr'>of</span> <span class='ocrx_word' id='word_1_339' title='bbox 554 4368 599 4418; x_wconf 88' lang='lat' dir='ltr'>the</span> <span class='ocrx_word' id='word_1_340' title='bbox 611 4369 705 4418; x_wconf 82' lang='lat' dir='ltr'>female</span> <span class='ocrx_word' id='word_1_341' title='bbox 717 4366 740 4416; x_wconf 88' lang='lat' dir='ltr'>is</span> <span class='ocrx_word' id='word_1_342' title='bbox 756 4372 803 4417; x_wconf 89' lang='lat' dir='ltr'>not</span> <span class='ocrx_word' id='word_1_343' title='bbox 818 4367 970 4430; x_wconf 87' lang='lat' dir='ltr'>important.</span> <span class='ocrx_word' id='word_1_344' title='bbox 1108 4364 1156 4413; x_wconf 79' lang='lat'>854</span> <span class='ocrx_word' id='word_1_345' title='bbox 1167 4365 1259 4414; x_wconf 81' lang='lat' dir='ltr'>Mutua</span> <span class='ocrx_word' id='word_1_346' title='bbox 1268 4365 1314 4427; x_wconf 82' lang='lat' dir='ltr'>qui</span> 
     </span>
    </p>
   </div>
   <div class='ocr_carea' id='block_1_5' title="bbox 0 0 1522 4800">
    <p class='ocr_par' dir='ltr' id='par_1_6' title="bbox 0 0 1522 4800">
     <span class='ocr_line' id='line_1_42' title="bbox 0 0 1522 4800; baseline 0 0"><span class='ocrx_word' id='word_1_347' title='bbox 0 0 1522 4800; x_wconf 95' lang='lat' dir='ltr'> </span> 
     </span>
    </p>
   </div>
  </div>
 </body>
</html>
