3008 4800
759 177 795 242 II

262 345 319 409 icti
342 347 499 412 reiectant
522 370 614 413 voces
636 348 677 412 ad
700 347 804 412 sidera
826 348 939 412 mundi

262 459 296 512 et
319 451 578 516 circumvolitant
601 453 726 538 equites
750 452 935 538 mediosque
959 464 1092 537 repente

264 553 454 618 tramittunt
477 556 582 620 valido
605 556 788 640 quatientes
811 555 932 639 impete
956 529 1106 668 campos]
1317 574 1380 638 330

263 663 297 718 et
320 664 430 720 tamen
452 668 502 722 est
524 657 656 742 quidam
680 658 765 721 locus
787 657 862 720 altis
884 659 1050 722 montibus
1072 661 1154 724 uode

263 766 349 822 stare
372 759 524 824 videntur
546 770 579 825 et
602 762 636 824 in
659 761 778 844 campis
801 760 974 824 consistere
998 745 1128 878 fulgori

308 862 405 927 Nunc
426 887 487 951 age
509 865 575 928 iarn
598 864 748 947 deinceps
769 871 958 926 cunctarum
982 864 1113 928 exordia
1134 888 1241 930 rerum

263 967 373 1050 qualia
393 969 460 1033 sint
482 977 516 1034 et
539 991 637 1054 quem
660 968 754 1053 longe
776 967 933 1030 distantia
957 968 1066 1031 formis

264 1071 402 1155 percipe,
424 1071 614 1159 multigenis
637 1092 734 1155 quam
756 1069 822 1133 sint
845 1069 970 1133 variata
992 1070 1121 1157 figuris;

264 1195 329 1236 non
351 1195 416 1258 quo
438 1175 543 1238 multa
565 1195 679 1260 parum
702 1173 800 1237 simili
822 1172 888 1236 sint
912 1173 1059 1257 praedita
1082 1176 1190 1250 forma,

265 1275 321 1339 sed
344 1276 421 1360 quia
444 1298 507 1340 non
531 1277 624 1362 volgo
646 1276 736 1360 paria
757 1275 905 1339 omuibus
928 1276 1036 1340 omnia
1056 1250 1236 1391 constanti

265 1396 325 1438 nec
346 1375 484 1453 mirum3
512 1398 588 1440 nam
611 1397 685 1439 cum
708 1375 751 1438 sit
773 1397 884 1438 eorum
906 1375 998 1460 copia
1020 1384 1114 1441 tanta

267 1491 304 1541 ut
327 1500 432 1564 neque
454 1479 537 1556 finis,
560 1479 611 1543 uti
633 1479 735 1554 docui,
758 1500 863 1563 neque
886 1500 1013 1543 summa
1034 1480 1077 1543 sit
1102 1480 1175 1556 ulla,

266 1582 387 1647 debent
408 1583 563 1648 nimirum
586 1605 652 1648 non
673 1581 822 1647 omnibus
845 1583 953 1647 omnia
976 1605 1122 1668 prorsum

266 1708 335 1751 esse
357 1687 428 1771 pari
449 1687 504 1752 filo
527 1687 689 1772 similique
711 1688 838 1752 adfecta
861 1677 992 1793 figural

266 1799 471 1875 praetereat
492 1814 596 1879 genus
618 1791 796 1855 humanum
819 1800 994 1876 mutaeque
1017 1799 1167 1856 natantes

266 1895 508 1981 squamigerum
530 1895 669 1980 pecudes
692 1904 725 1959 et
749 1895 834 1959 laeta
849 1902 1003 1959 *armenta
1025 1895 1175 1981 feraeque

267 2006 302 2062 et
324 1998 431 2063 variae
454 1999 606 2075 volucres,
628 1999 784 2063 laetantia
806 2020 889 2083 quae
912 1998 981 2062 locu
1002 2020 1159 2083 aquarum

267 2101 493 2166 concelebrant
515 2102 637 2166 circum
660 2101 746 2187 ripas
770 2102 931 2186 fontisque
955 2102 1115 2187 lacusque,

267 2213 302 2267 et
324 2226 407 2289 quae
429 2205 619 2292 pervolgant
642 2227 773 2269 nemora
794 2205 868 2268 avia
890 2204 1139 2290 pervolitantcs3

268 2330 407 2393 quorum
429 2331 532 2373 unum
556 2310 684 2395 quidvis
705 2310 885 2397 generatim
909 2331 1036 2374 sumere
1060 2332 1166 2397 perge,

268 2412 414 2476 invenies
437 2421 549 2477 tamen
570 2413 657 2478 inter
678 2435 711 2478 se
733 2413 860 2478 differre
883 2390 1017 2512 figuris}

269 2540 329 2583 nec
350 2517 476 2583 ratione
498 2518 562 2582 alia
584 2518 688 2604 proles
710 2539 898 2603 cognoscere
921 2525 1058 2580 matrem

269 2641 329 2684 nec
351 2628 456 2684 mater
478 2628 586 2705 posset
608 2619 748 2705 prolem3
777 2619 863 2704 quod
885 2640 977 2704 posse
1002 2618 1168 2706 videmus,

270 2745 329 2787 nec
351 2723 459 2788 minus
481 2732 580 2809 atque
604 2724 748 2800 homines
770 2723 856 2787 inter
878 2745 912 2787 se
934 2731 1013 2786 note
1035 2710 1162 2820 cluere}

220 2892 224 2904 ,
270 2847 346 2889 nam
369 2848 464 2911 saepe
486 2834 563 2891 ante
586 2827 683 2890 deum
706 2826 828 2890 vitulus
850 2825 986 2890 delubra
1008 2825 1122 2890 deeora

271 2928 459 2992 turicremas
482 2937 613 3014 propter
636 2938 796 2993 mactatus
818 2927 958 2993 concidit
980 2950 1051 2992 aras

271 3031 438 3118 sanguinis
461 3031 610 3117 expirans
632 3032 772 3096 calidum
795 3032 986 3117 depectere
1010 3031 1150 3110 flumen;

270 3143 306 3198 at
328 3143 433 3199 mater
456 3135 569 3199 viridis
590 3136 692 3199 saltus
714 3135 827 3200 orbate
848 3157 1021 3221 peragrans

272 3237 375 3302 noscit
398 3238 490 3302 humi
512 3239 650 3323 pedibus
673 3237 810 3324 vestigia
832 3260 941 3324 pressa
963 3236 1104 3312 bisulcis

272 3343 380 3407 omnia
402 3344 571 3408 convisens
593 3344 694 3408 oculis
717 3344 784 3407 loca
806 3364 833 3406 s1
856 3351 955 3427 queat
978 3362 1115 3426 usquam

218 3597 267 3647 330
279 3598 422 3645 tramittunt
433 3595 463 3656 A,
479 3596 653 3644 trammittant
664 3593 694 3642 B.
814 3592 861 3640 331
873 3591 938 3640 uode
951 3589 1033 3640 added
1044 3589 1077 3652 by
1087 3589 1158 3639 Nico.
1278 3591 1326 3640 337
1337 3605 1394 3640 coo·

185 3685 254 3728 stant
266 3677 337 3728 Nico.
349 3677 418 3726 Flor.
431 3677 463 3725 31
474 3675 564 3726 camb.
577 3675 644 3737 vulg.
659 3674 749 3724 hamb.
762 3673 802 3723 lor
812 3679 925 3722 emutat:
944 3671 992 3723 694
1003 3678 1117 3720 constant
1128 3670 1150 3719 B
1163 3671 1231 3720 Nice.
1247 3671 1288 3735 (l),
1300 3670 1390 3722 camb.

186 3760 266 3822 vulg-z
285 3760 332 3810 724
344 3766 455 3808 constent
471 3757 517 3806 ΔΒ
532 3757 613 3819 vulg.:
632 3757 660 3804 in
676 3755 712 3806 ull
726 3754 798 3805 three
813 3753 898 3817 places
913 3760 1024 3802 cautent
1039 3751 1135 3812 Lach.;
1152 3751 1199 3800 but
1213 3752 1227 3800 I
1242 3751 1338 3801 believe
1350 3751 1395 3802 the

185 3840 266 3890 indic.
282 3843 310 3890 to
325 3839 356 3888 be
371 3837 449 3900 right,
466 3837 519 3887 and
534 3837 579 3886 the
594 3837 660 3899 subj.
677 3841 703 3886 to
720 3835 786 3885 hare
801 3849 873 3884 come
888 3834 955 3883 from
971 3833 1015 3883 the
1030 3833 1148 3895 adjacent
1160 3831 1248 3882 verbs:
1267 3846 1309 3882 see
1320 3836 1394 3882 notes

188 3923 212 3971 2.
322 3920 370 3969 342
382 3917 601 3968 Praetereunt.
616 3917 792 3965 forProetere.
827 3915 963 3964 Praeterea
974 3914 1074 3963 Nonius
1086 3929 1111 3976 p.
1125 3914 1180 3962 158.
1213 3914 1333 3962 Praestat
1343 3928 1396 3963 rem

186 4003 235 4054 Ed
256 4002 387 4063 formerly.
420 4003 574 4050 Partoriuot
594 3999 673 4049 Lech.
692 3998 775 4048 which
792 3998 805 4046 1
825 3997 898 4048 don’t
919 3997 1086 4046 understand.
1119 3998 1255 4045 Praetereo
1274 3995 1326 4044 and
1347 3997 1394 4045 347

187 4086 286 4133 Horum
297 4084 336 4133 for
348 4084 458 4144 Quorum
469 4081 543 4130 Junt.
556 4081 649 4142 vulgo:
667 4084 713 4129 not
725 4079 789 4128 Mar.
920 4079 967 4126 343
979 4085 1093 4126 currente
1105 4076 1190 4125 Bentl.
1202 4075 1255 4125 and
1267 4075 1395 4124 Tonson’s

187 4164 287 4216 edition
300 4165 339 4214 lor
350 4167 461 4214 arbusta
561 4165 609 4214 347
621 4164 722 4225 quidvis
734 4161 814 4211 Lech.
827 4161 867 4210 for
879 4162 992 4224 quodvis,
1007 4175 1036 4210 us
1048 4174 1074 4208 rv
1087 4159 1142 4209 126.
1248 4158 1396 4208 eteroscii

187 4245 267 4296 Lech.
281 4245 322 4295 lor
332 4244 560 4308 NorrquitAFlor.
573 4245 604 4293 31
616 4243 704 4294 (lamb.
716 4247 764 4292 etc.
793 4243 851 4291 Non
861 4242 923 4305 quid
935 4241 1005 4290 Nico.
1035 4241 1144 4304 Oioquit
1154 4238 1186 4297 B,
1197 4240 1311 4301 Oinquid
1322 4238 1394 4288 (rost.
1430 4247 1434 4254 ’

187 4329 298 4390 Linquit
308 4326 330 4375 B
342 4341 408 4376 corr.
420 4327 485 4376 Mar.
498 4326 556 4376 Ald.
573 4328 587 4375 l
603 4326 677 4376 Junt.
688 4325 772 4387 vulgo,
785 4323 895 4376 without
911 4337 992 4374 sense.
1026 4311 1105 4372 Novit
1118 4321 1233 4383 Bricger:
1251 4320 1299 4370 but
1314 4320 1389 4372 Lucr.
