3008 4800
740 218 769 280 V
1292 237 1352 302 243

231 378 351 464 nequid
374 379 414 443 ob
437 379 614 442 admissum
638 378 729 442 foede
752 379 918 443 dictumve
940 380 1078 464 superbe

229 504 405 567 poenarum
428 505 527 568 grave
550 483 595 544 sit
617 482 763 546 solvendi
787 491 917 568 tempus
939 483 1114 547 adultum?
1273 502 1349 565 1225

229 607 357 648 summa
378 585 478 649 etiam
501 607 576 647 cum
600 585 649 648 vis
672 585 806 649 violenti
829 607 887 670 per
910 609 997 650 mare
1021 587 1111 650 venti

230 677 492 774 induperatorem
515 687 625 751 classis
647 710 745 773 super
766 710 907 773 aequora
931 690 1031 752 verrit

230 815 304 856 cum
327 791 442 856 validis
465 792 587 877 pariter
609 792 791 877 legionibus
814 801 914 877 atque
937 792 1129 878 elephantie,

232 918 297 959 non
319 896 426 960 divom
450 917 562 980 pacem
586 895 670 959 votis
692 894 763 959 adit
785 918 823 959 ac
845 918 939 981 prece
962 897 1091 981 quaesit

232 1006 401 1062 ventorum
424 997 562 1082 pavidus
585 1020 679 1083 paces
701 998 890 1084 animasque
913 1000 1079 1077 secundas,
1274 1018 1354 1081 1230

233 1100 440 1186 nequiquam,
464 1101 624 1186 quoniam'
640 1101 782 1165 violento
805 1102 936 1166 turbine
958 1124 1054 1188 saepe

233 1211 397 1289 correptus
419 1204 486 1267 nilo
510 1204 614 1268 fertur
636 1203 744 1268 minus
767 1204 808 1268 ad
831 1205 914 1268 vada
936 1177 1036 1300 letiil

232 1303 334 1390 usque
356 1305 436 1368 adeo
458 1327 509 1369 res
531 1306 690 1369 humanas
713 1306 762 1369 vis
784 1306 898 1371 abdita
920 1307 1080 1392 quaedam

231 1408 352 1494 opterit
375 1417 409 1473 et
430 1409 583 1492 pulchros
607 1409 699 1472 fascis
722 1431 898 1495 saevasque
921 1433 1047 1475 secures

180 1582 183 1589 ¹
232 1501 414 1596 proculcare
437 1534 474 1575 ac
497 1511 637 1577 ludibrio
660 1512 721 1576 sibi
744 1513 864 1579 habere
888 1484 1035 1599 videturl
1275 1530 1351 1596 1235

231 1616 371 1702 denique
393 1618 453 1682 sub
478 1616 615 1702 pedibus
637 1617 735 1682 tellus
757 1640 832 1682 cum
856 1626 927 1682 tota
949 1618 1080 1683 vacillat
1245 1613 1248 1618 ’

233 1742 468 1806 concussaeque
491 1721 614 1785 cadunt
636 1722 731 1785 urbes
754 1721 938 1807 dubiaeque
960 1723 1134 1800 minantur,

234 1825 313 1910 quid
336 1825 455 1888 mirum
477 1825 506 1889 si
528 1846 563 1888 se
586 1833 740 1889 temnunt
763 1826 912 1890 mortalia
934 1828 1037 1892 saecla

233 1916 332 2012 atque
354 1928 526 2012 potestatis
549 1923 683 2014 magnas
706 1929 867 2014 mirasque
890 1930 1056 2015 relinqunt
1144 1979 1147 1986 .

233 2031 268 2093 111
290 2032 386 2095 rebus
408 2030 485 2095 viris
508 2031 630 2109 divum,
654 2053 736 2116 quae
749 2042 878 2097 'cuncta
899 2034 1084 2119 gubernent
1098 1991 1165 2124 ili
1275 2053 1356 2115 1240

277 2133 372 2213 Quod
395 2142 551 2219 superest,
574 2157 629 2200 aes
651 2145 749 2222 utque
772 2159 888 2201 aurum
912 2139 1097 2223 ferrumque
1119 2147 1316 2223 repertumst

234 2246 268 2302 et
291 2237 387 2302 simul
410 2238 539 2325 argenti
561 2240 688 2326 pondus
710 2241 901 2326 plumbique
925 2250 1076 2326 potestas,

233 2340 318 2428 ignis
340 2341 397 2405 ubi
420 2342 564 2428 ingentis
588 2343 684 2406 silvas
706 2344 819 2408 ardore
842 2352 1000 2408 cremarat

234 2445 398 2509 montibus
421 2445 456 2509 in
478 2445 614 2532 magnis,
637 2468 693 2510 seu
707 2446 798 2510 caeli
820 2447 957 2512 fulmine
979 2447 1084 2524 missu

234 2549 302 2612 sive
324 2549 409 2633 quod
433 2549 518 2613 inter
540 2572 575 2613 se
598 2550 719 2615 bellurn
742 2551 889 2616 silvestre
911 2559 1062 2638 gerentes
1275 2566 1351 2632 1245

235 2653 381 2717 hostibus
403 2653 584 2718 intulerant
607 2653 715 2740 ignem
740 2654 920 2719 formidinis
943 2677 1027 2741 ergo,

232 2757 301 2820 sive
324 2757 409 2842 quod
432 2746 686 2821 inducti‘terrae
709 2758 856 2821 bonitate
880 2757 1032 2822 volebant

233 2860 374 2946 pandere
396 2883 489 2947 agros
511 2861 643 2947 pinguis
666 2869 700 2926 et
723 2883 843 2947 pascua
864 2862 999 2943 reddere
1021 2884 1105 2939 rura,

234 2964 302 3028 sive
325 2965 407 3028 feras
429 2964 610 3029 interficere
633 2973 668 3029 et
690 2964 847 3030 ditescere
869 2940 1012 3062 praedal

235 3091 311 3131 nam
334 3068 425 3132 fovea
446 3077 546 3153 atque
569 3067 639 3155 igni
661 3069 751 3153 prius
773 3078 824 3133 est
846 3070 993 3134 venarier
1016 3077 1124 3132 ortum
1275 3084 1356 3147 1250

235 3194 332 3256 quam
355 3171 479 3257 saepire
502 3171 607 3258 plagis
630 3173 749 3236 saltum
772 3174 975 3260 canibusque!
995 3153 1111 3338 ciereL

235 3274 394 3360 quidquid
416 3275 449 3338 id
473 3283 530 3350 est,
555 3297 758 3361 quacumque
781 3298 799 3339 e
822 3298 919 3340 causa
941 3276 1094 3339 flammeu
1133 3274 1227 3339 ardor

146 3475 320 3525 Alleunt.
329 3476 386 3525 first
396 3476 437 3525 for
449 3477 570 3525 Fuimioi.
604 3461 720 3525 Fulmina
732 3475 803 3524 Nico.
836 3477 952 3524 Fulmina
966 3475 1076 3524 terribili
1087 3474 1156 3524 Flor.
1171 3474 1211 3524 31.
1292 3474 1355 3522 1224

181 3641 243 3689 1225
264 3643 379 3690 adultum
397 3641 478 3690 Lach.
497 3641 537 3690 161
558 3643 700 3691 adauctum.
738 3643 857 3689 edoctum
877 3639 953 3688 Pont.
972 3638 1038 3686 Mar.
1056 3636 1114 3686 Alo.
1134 3638 1147 3684 1
1168 3636 1240 3686 Junt.
1261 3636 1353 3686 Lamb.

151 3725 198 3774 etc.
317 3723 380 3773 1226
398 3726 500 3773 Summo
512 3724 533 3772 F
545 3738 582 3772 61,
596 3725 626 3772 31
639 3723 704 3772 Mar.
717 3722 775 3771 Ald.
789 3724 802 3770 1
814 3723 887 3771 Junt.
904 3723 943 3770 161
955 3723 1062 3770 Summe.
1178 3721 1242 3770 1229
1259 3721 1356 3768 6111166

144 3819 218 3867 prece
230 3804 299 3853 Flor.
311 3806 343 3853 31
355 3804 444 3854 Camb.
457 3805 523 3854 Mar.
536 3805 576 3854 161
587 3807 661 3854 edito
668 3821 750 3867 prece.
851 3805 915 3852 1230
926 3801 1046 3852 enclosed
1058 3801 1091 3863 by
1101 3801 1181 3850 Lech.
1194 3800 1222 3849 in
1234 3803 1244 3862 [
1254 3803 1271 3862 ].

181 3887 244 3938 1237
263 3887 409 3949 dubiaeque.
447 3888 567 3935 dubiusve
578 3886 677 3935 Bentl.:
695 3885 742 3934 but
754 3899 794 3934 see
806 3888 882 3933 notes
894 3886 917 3934 2.
1022 3884 1085 3931 1241
1102 3889 1212 3944 superest
1228 3897 1269 3930 ces
1281 3890 1356 3943 utque

148 3982 238 4016 curum
249 3967 314 4016 Mar.
326 3965 383 4016 Ald.
396 3968 410 4015 1
423 3967 497 4017 Junt.
509 3967 549 4015 101
560 3975 671 4030 superest
682 3981 760 4029 oeque
771 3981 870 4015 curum.
1012 3964 1076 4012 1244
1088 3965 1153 4013 coeii
1160 3964 1270 4025 fulmine
1282 3966 1355 4012 naisso

147 4048 193 4098 BA
203 4063 268 4098 corr.
281 4048 350 4099 Nico.
363 4049 398 4099 all
410 4050 474 4098 later
486 4065 548 4100 mss.
563 4049 616 4099 and
627 4050 694 4098 eds:
712 4051 780 4098 611616
792 4048 986 4110 humolone.
1023 4048 1089 4096 coeii
1100 4046 1122 4094 is
1134 4044 1205 4106 quite
1216 4045 1298 4107 right:
1316 4059 1357 4094 see

148 4133 226 4183 1489.
260 4135 328 4181 caelo
339 4132 418 4180 Lech.
431 4131 488 4181 who
503 4147 562 4194 says
577 4136 675 4192 ‘neque
690 4131 755 4180 dixit
770 4130 833 4180 alibi
848 4129 983 4180 Lucretius
997 4130 1096 4192 sulczen
1111 4129 1185 4185 eceli,
1198 4125 1242 4176 sed
1254 4129 1357 4188 4111196111

147 4214 212 4260 coeii
229 4227 307 4275 snpra
325 4212 411 4262 1095’:
430 4212 476 4260 but
494 4212 553 4275 why
570 4211 613 4261 his
630 4227 694 4261 once
711 4212 788 4273 using
802 4214 883 4274 4116911
900 4211 973 4270 coeii,
989 4207 1083 4258 should
1097 4212 1204 4271 prevent
1217 4206 1274 4255 him
1289 4208 1356 4256 from

147 4293 220 4344 twice
242 4295 319 4357 using
337 4297 436 4358 fulmen
457 4296 531 4354 caeli,
555 4310 600 4357 my
621 4294 696 4344 mind
718 4297 814 4344 cannot
835 4291 1018 4356 comprehend.
1134 4291 1197 4339 1252
1216 4291 1356 4352 Quidquid.

149 4377 277 4443 Quicquid
292 4379 349 4438 ΑΒ;
367 4378 425 4429 and.
435 4393 463 4428 so
479 4378 525 4428 the
540 4379 581 4428 lex
598 4377 695 4427 Rubria
711 4378 742 4426 26
758 4377 811 4427 and
828 4376 873 4425 the
887 4374 992 4426 ancient
1004 4373 1056 4424 and
1069 4372 1123 4422 sole
1134 4386 1182 4420 ms.
1195 4371 1222 4418 01
1233 4369 1298 4433 Livy
1309 4386 1358 4420 xnv

1165 4457 1270 4519 lii-2
