3008 4800
745 218 800 283 III

249 379 407 464 quidquid
428 379 464 444 id
485 387 544 456 est,
567 378 726 444 habeant:
757 388 793 444 tu
817 388 925 444 cetera
947 379 1076 466 percipe
1100 352 1212 489 dicta}
1308 395 1365 462 135

293 483 391 547 Nunc
413 483 557 547 animum
580 491 680 568 atque
701 482 843 546 animam
866 482 937 547 dico
960 485 1134 547 coniuncta
1156 482 1261 547 teneri

250 586 334 649 inter
356 609 390 651 se
412 595 511 671 atquc
533 608 631 650 unam
654 594 804 649 naturam
826 586 980 650 conficere
1003 609 1043 651 ex
1067 609 1110 664 se,

250 685 306 749 sed
328 694 427 771 caput
449 706 518 749 esse
540 684 632 769 quasi
655 693 689 748 et
711 683 869 747 dominari
891 684 926 747 in
948 706 1079 770 corpore
1103 695 1172 750 toto

249 787 416 851 consilium
440 787 525 871 quod
547 807 605 849 nos
626 785 771 848 animum
795 795 1002 870 mentemque
1025 809 1184 852 vocamus,

248 890 346 974 idque
368 891 468 954 situm
490 889 597 953 media
618 888 748 975 regione
770 889 804 951 in
826 889 965 973 pectoris
987 869 1122 967 haeretl
1310 907 1371 971 140

250 988 302 1052 hic
325 988 452 1052 exultat
475 987 562 1089 apim
584 1009 684 1072 pavor
705 1008 742 1050 ao
764 995 881 1063 metue,
903 987 983 1051 haec
1005 987 1074 1051 loca
1096 988 1216 1052 circum

250 1092 394 1156 laetitiae
416 1068 578 1170 niiildent3
611 1091 663 1154 hio
686 1112 761 1176 ergo
783 1113 874 1155 mens
896 1071 1145 1182 animusquest.l

250 1200 357 1254 cetera
378 1213 452 1276 pars
474 1190 600 1254 animae
622 1212 681 1275 per
702 1198 809 1254 totum
832 1190 946 1255 dissita
968 1214 1083 1276 corpus

251 1300 343 1375 paret
365 1292 463 1355 etad
485 1312 606 1353 numen
629 1289 747 1353 mentis
770 1311 962 1375 momenque
985 1274 1156 1383 movetur.l

250 1393 348 1479 idque
370 1394 432 1458 sibi
454 1394 558 1458 solum
580 1415 637 1478 per
659 1415 693 1458 se
715 1393 809 1478 sapit,
831 1393 868 1458 id
889 1394 951 1458 sibi
973 1394 1105 1482 gaudet,
1309 1410 1365 1477 145

249 1518 323 1561 curn
345 1520 450 1582 neque
472 1519 522 1561 res
544 1497 685 1560 animam
707 1519 813 1582 neque
835 1519 950 1614 corpus
972 1508 1153 1564 commovet
1175 1522 1248 1564 una.

250 1606 283 1660 et
327 1597 405 1672 uasi,
427 1619 501 1661 cum
523 1604 621 1681 caput
642 1604 701 1660 aut
723 1596 834 1660 oculus
856 1583 1041 1682 teillptllnte
1063 1598 1171 1663 dolore

250 1618 389 1766 allidor
411 1701 445 1765 in
467 1701 568 1778 nobis,
591 1722 656 1764 non
679 1701 766 1765 omni
788 1701 1031 1766 concruciamur

250 1825 387 1889 corpore,
410 1804 456 1868 sio
477 1803 604 1867 animus
626 1824 869 1888 nonnumquam
893 1803 1033 1868 laeditur
1055 1804 1124 1889 ipse

249 1907 437 1992 laetitiaque
459 1907 556 1993 viget,
578 1928 653 1970 oum
675 1915 782 1971 cetera
796 1929 878 1993 ,pars
899 1906 1021 1972 animai
1307 1923 1368 1988 150

249 2032 305 2094 per
327 2009 471 2074 membra
492 2019 591 2106 atque
613 2018 703 2074 artus
724 2011 815 2074 nulla
836 2012 981 2077 novitate
1003 1973 1138 2116 cietur}

249 2137 360 2179 verum
383 2113 440 2179 ubi
462 2090 605 2178 vimdnti
627 2113 729 2200 magis
751 2123 801 2178 est
823 2123 985 2179 commota
1005 2125 1098 2180 metu
1121 2137 1221 2192 mena,

249 2218 428 2282 consentire
450 2217 591 2281 animam
614 2224 718 2281 totam
740 2239 798 2302 per
820 2218 964 2282 membra
986 2218 1135 2284 videmus

251 2321 444 2408 sudoresque
466 2323 515 2386 ita
536 2321 754 2408 palloremque
777 2323 916 2388 existere
938 2332 1008 2388 toto

250 2447 379 2510 corpore
401 2433 436 2490 et
458 2424 590 2512 infringi
612 2425 757 2512 linguam
780 2447 955 2510 vocemque
976 2426 1104 2502 aboriri,
1306 2442 1363 2509 155

250 2528 387 2614 caligare
409 2528 525 2606 oeulos,
547 2549 659 2593 sonere
680 2528 775 2606 auris
797 2529 960 2593 succidere
982 2537 1082 2605 artus,

248 2631 387 2717 denique
410 2632 575 2697 concidere
597 2654 637 2697 ex
659 2633 760 2697 animi
782 2641 901 2697 terrore
923 2633 1072 2698 videmus

249 2756 343 2820 saepe
366 2735 532 2814 homines3
559 2736 651 2800 facile
674 2744 711 2800 ut
734 2736 839 2822 quivis
862 2736 938 2800 hinc
959 2759 1089 2801 noscere
1112 2737 1214 2823 possit

249 2860 316 2902 esse
338 2838 480 2902 animam
502 2861 575 2903 cum
598 2840 706 2904 animo
728 2839 942 2916 coniunctam,
964 2862 1047 2926 quae
1070 2863 1145 2905 cunr
1167 2841 1269 2906 animi
1291 2842 1323 2908 oi

247 2950 435 3028 percussast,
458 2943 544 3007 exim
566 2964 681 3027 corpus
702 2943 854 3028 propellit
876 2953 910 3008 et
932 2925 1009 3052 icit!
1305 2947 1367 3010 160

290 3045 381 3109 Haec
403 3044 516 3108 eadem
538 3045 621 3108 ratio
643 3034 793 3109 naturam
815 3045 916 3108 animi
938 3053 1039 3131 atque
1060 3045 1181 3110 animai
1238 3116 1244 3122 ‚

246 3170 428 3233 corpoream
451 3148 544 3212 docet
566 3169 635 3212 esse
647 3169 655 3227 ;
684 3148 741 3212 ubi
762 3147 850 3212 enim
872 3149 1050 3234 propellere
1072 3150 1226 3226 membra,

247 3253 403 3338 con-ipere
425 3274 466 3316 ex
488 3273 598 3316 somno
620 3274 735 3337 corpus
757 3261 948 3338 mutareque
970 3255 1099 3318 vultum

246 3364 343 3440 atque
366 3355 528 3420 hominem
551 3363 659 3419 totum
680 3377 790 3442 regere
812 3377 849 3420 ac
872 3378 997 3421 versare
1021 3357 1158 3434 videtur,

246 3481 382 3544 quorum
404 3459 450 3523 nil
473 3459 542 3523 fieri
564 3459 633 3523 sine
657 3467 747 3523 tactu
769 3481 861 3544 posse
885 3458 1032 3524 videmus
1300 3463 1356 3544 165

246 3583 304 3626 nec
326 3571 451 3628 tactum
474 3585 566 3647 porro
588 3563 657 3628 sine
680 3586 818 3648 corpore,
841 3586 948 3629 nonne
971 3564 1176 3631 fatendumst

246 3688 395 3750 corporea
416 3675 535 3731 natura
555 3668 702 3731 animum
724 3677 871 3732 constare
893 3669 1100 3755 animamque
1114 3639 1147 3777 ll

245 3779 411 3855 praeterea
432 3772 554 3856 pariter
575 3772 667 3857 fungi
690 3795 763 3836 curn
786 3795 914 3858 corpore
937 3782 971 3837 et
993 3797 1059 3838 una

245 3874 424 3939 consentire
447 3875 591 3938 animum
614 3874 706 3941 nobis
728 3876 762 3939 in
784 3899 913 3961 corpore
936 3864 1067 3980 cernisl

158 4113 260 4165 theold
277 4116 385 4178 vulgate.
506 4119 552 4166 135
568 4121 598 4168 id
615 4118 697 4169 added
712 4120 747 4184 by
764 4122 831 4170 Flor.
849 4125 880 4171 31
899 4123 988 4173 camb.
1109 4127 1155 4176 145
1171 4130 1248 4190 sopit,
1268 4132 1296 4179 id
1312 4132 1362 4181 ribi

158 4195 232 4246 Wak.
250 4198 373 4261 101111ρὶ1
390 4201 448 4248 ribi.
492 4202 560 4263 sopit
576 4209 600 4249 et
617 4203 667 4250 cibi
684 4201 752 4251 Nico.
771 4204 838 4265 vulg.
982 4207 1029 4255 154
1046 4209 1086 4257 ito
1100 4210 1271 4273 palloremque
1290 4212 1362 4262 Nico.

159 4277 221 4328 Mar.
241 4282 289 4328 eto.
308 4279 346 4328 101
363 4283 449 4344 itaque
463 4283 592 4344 pallorem.
627 4285 714 4345 itaque
731 4292 755 4333 et
769 4287 892 4347 pallorem
909 4285 999 4338 Lamb.
1019 4292 1067 4340 eto.
1171 4291 1218 4342 159
1235 4296 1317 4343 ocimi
1333 4299 1362 4345 oi

159 4358 221 4408 Ven.
240 4359 304 4409 Mar.
321 4361 378 4411 first
395 4362 435 4412 101
451 4365 547 4413 animi:
565 4363 644 4414 Lech.
665 4365 688 4412 is
705 4379 810 4428 wrong:
826 4366 894 4419 Plor.
914 4367 1039 4419 31101111
1054 4372 1160 4423 animai.
1197 4371 1257 4422 Ver.
1269 4388 1322 4425 om.
1334 4379 1362 4426 vi
