3008 4800
709 247 758 311 IV

249 429 350 491 usque
373 406 453 470 adeo
476 407 586 490 magni
608 405 715 480 refert,
739 415 777 469 ut
799 406 924 469 semina
946 405 1070 491 possint

249 509 427 572 seminibus
449 508 646 571 commisceri
668 507 857 594 genitaliter
879 516 964 593 apta,

249 633 394 675 crassane
417 613 609 674 conveniant
632 611 763 695 liquidis
786 621 820 675 et
843 612 966 696 liquida
988 596 1131 687 crassisl

232 715 347 798 'atque
369 715 404 777 in
426 736 464 778 eo
487 716 585 777 refert
607 736 670 798 quo
693 715 781 778 victu
805 714 873 778 vita
896 716 1036 792 colatur3

250 840 389 902 namque
412 817 484 881 aliis
505 819 602 881 rebus
624 827 833 882 concrescunt
855 819 979 883 semina
1001 817 1154 881 membris

248 929 347 1004 atque
370 920 443 983 aliis
465 928 682 984 extenvantur
704 923 884 1006 tabentque
907 898 1078 1004 vicissim}

250 1029 284 1084 et
307 1022 424 1106 quibus
446 1003 517 1108 ipsa
539 1023 643 1087 modis
666 1033 826 1088 tractetur
847 1023 968 1087 blanda
989 1023 1148 1107 voluptas,

249 1124 283 1188 id
306 1148 434 1210 quoque
456 1128 625 1213 permagni
647 1127 762 1206 refert3
792 1150 869 1191 nam
893 1148 980 1190 more
1004 1126 1143 1189 ferarum

247 1229 558 1316 quadrupedumque
582 1231 685 1317 magis
708 1231 774 1294 ritu
797 1231 989 1316 plerumque
1013 1237 1174 1314 putantur

249 1334 415 1418 concipere
439 1357 559 1410 uxores,
582 1335 658 1420 quia
680 1335 727 1398 sic
750 1334 818 1398 loca
839 1356 966 1398 sumere
989 1341 1132 1417 possunt,

248 1436 433 1521 pectoribus
455 1439 577 1524 positis,
599 1437 736 1501 sublatis
759 1436 883 1501 semina
904 1415 1045 1512 lumbisl

251 1564 310 1605 nec
331 1542 444 1606 molles
467 1542 539 1627 opu’
561 1550 639 1606 sunt
662 1551 771 1606 motus
794 1541 948 1605 uxoribus
971 1539 1082 1603 hilum.

250 1667 326 1708 nam
349 1646 465 1709 mulier
487 1645 638 1728 prohibet
659 1667 693 1709 se
716 1643 883 1729 concipere
905 1652 1004 1728 atque
1026 1648 1196 1728 repugnat,

250 1748 400 1813 clunibus
422 1749 492 1835 ipsa
514 1748 575 1812 viri
598 1749 759 1812 Venerem
782 1747 810 1811 si
833 1748 919 1811 laeta
941 1753 1097 1810 retractat

249 1858 349 1936 atque
371 1860 516 1916 exossato
538 1851 603 1915 ciet
626 1851 713 1915 omni
736 1858 865 1936 pectore
888 1851 1026 1930 fluctus;

251 1953 327 2018 eicit
349 1955 437 2018 enim
460 1954 586 2018 sulcum
608 1964 696 2018 recta
717 1954 849 2039 regione
872 1953 989 2038 viaque

250 2058 386 2123 vomeris
408 2067 508 2144 atque
530 2058 607 2122 locis
629 2058 749 2121 avertit
771 2056 904 2120 seminis
926 2056 1036 2120 ictum.

249 2161 347 2247 idque
369 2183 429 2226 sua
450 2184 547 2226 causa
569 2169 766 2225 consuerunt
788 2168 893 2226 scorta
915 2158 1046 2236 moveri,

249 2288 291 2330 ne
314 2269 550 2353 complerentur
573 2267 682 2332 crebro
704 2265 922 2352 gravidaeque
945 2265 1087 2327 iacerent

250 2378 285 2434 et
307 2371 404 2435 simul
427 2372 497 2457 ipsa
520 2371 598 2434 viris
620 2371 732 2443 Venus
756 2378 793 2433 ut
816 2367 1000 2432 concinnior
1022 2373 1124 2443 esset3

250 2475 442 2562 coniugibus
464 2475 549 2560 quod
571 2474 618 2538 nil
642 2473 759 2538 nostris
782 2495 863 2558 opus
885 2494 955 2536 esse
977 2450 1134 2603 videtur]

294 2576 365 2640 Nec
387 2577 545 2640 divinitus
567 2575 732 2639 interdum
755 2574 955 2659 Venerisque
978 2573 1108 2658 sagittis

250 2679 408 2744 deteriore
430 2679 468 2743 fit
491 2688 529 2743 ut
552 2679 654 2743 forma
675 2678 866 2743 muliercula
888 2648 1043 2773 ametur..

250 2805 325 2846 nam
349 2783 426 2846 facit
448 2783 519 2868 ipsa
541 2783 609 2846 suis
630 2781 805 2846 interdum
820 2781 941 2845 femina
963 2780 1057 2844 factis

161 2973 163 2976 Α
251 2886 483 2972 morigerisque
505 2885 608 2950 modis
631 2894 665 2950 et
687 2885 808 2949 munde
830 2908 959 2970 corpore
982 2884 1078 2959 culto,

251 2998 291 3053 ut
313 2990 405 3053 facile
428 2990 589 3054 insuescat
612 2999 640 3054 te
662 3011 770 3053 secum
793 2990 911 3075 degere
933 2959 1059 3078 vitaml

252 3092 337 3177 quod
360 3102 516 3177 superest,
537 3093 736 3157 consuetudo
758 3093 931 3156 concinnat
953 3113 1111 3171 amorem;

251 3217 327 3258 nam
350 3195 465 3259 leviter
487 3183 634 3281 quamvis
656 3196 743 3280 quod
761 3195 875 3258 ¹crebro
898 3194 1049 3258 tunditur
1071 3193 1148 3270 ictu,

252 3298 393 3363 vincitur
414 3299 450 3362 in
472 3299 566 3384 longo
588 3299 693 3384 spatio
717 3306 951 3390 tamen-atque
974 3296 1115 3360 labascit.
1127 3265 1138 3412 Ι
1264 3297 1342 3374 1285

253 3424 359 3466 nonne
381 3402 472 3466 vides
494 3402 593 3467 etiam
615 3411 728 3488 guttas
750 3402 786 3465 in
808 3424 886 3466 saxa
908 3400 1054 3465 cadentis

248 3503 367 3567 umoris
390 3505 485 3591 longo
506 3505 540 3568 in
563 3505 668 3589 spatio
691 3505 886 3589 pertundere
909 3471 1033 3610 saxatl

142 3679 188 3727 pot
199 3671 269 3712 suat:
287 3677 371 3726 comp.
384 3665 448 3714 1186
457 3667 601 3728 poscaenia.
726 3665 789 3715 1259
809 3665 932 3712 Orattcrte
943 3663 992 3712 Ed.
1005 3663 1045 3712 for
1059 3664 1211 3724 Crassaque3
1229 3674 1259 3710 as
1270 3662 1347 3723 refert

148 3747 298 3794 conveniant
315 3744 376 3794 does
393 3750 440 3795 not
457 3761 525 3795 seem
541 3745 620 3795 Latin
635 3761 687 3808 any
697 3761 769 3794 more
785 3745 1076 3806 than111868dtffetre
1088 3745 1179 3806 suerit,
1194 3742 1247 3792 end
1263 3757 1310 3805 que
1325 3742 1348 3792 is

149 3826 219 3887 quite
231 3827 399 3888 superfluous.
436 3833 584 3878 conveniant
596 3828 660 3877 Mar.
673 3828 730 3877 Ald.
744 3829 757 3875 1
770 3828 786 3876 J
788 3831 844 3877 unt.
856 3828 895 3875 lor
906 3829 1062 3877 conveniunt.
1207 3825 1270 3874 1262
1287 3827 1348 3874 aliis

148 3907 205 3959 Ver.
222 3909 287 3958 Ven.
304 3909 368 3959 Mar.
385 3911 425 3960 for
437 3913 495 3959 atii.
627 3911 691 3960 1268
708 3911 762 3959 Nec
780 3910 855 3960 Pout.
874 3910 940 3958 Mar.
957 3908 1014 3957 Ald.
1033 3909 1047 3955 l
1064 3907 1136 3957 Junt.
1156 3905 1196 3955 for
1211 3907 1259 3955 Nc.
1292 3906 1350 3954 Non

147 3989 236 4042 Oamb.
370 3993 434 4042 1270
450 3998 572 4040 retractat
588 3990 619 4042 B.
655 3997 774 4040 retractet
790 3990 812 4037 A
829 3989 883 4038 and
900 3990 935 4038 all
952 3989 1025 4038 other
1041 4003 1104 4060 mss.
1122 3985 1173 4037 and
1190 3985 1242 4037 eds.
1261 3986 1348 4034 before

146 4072 227 4124 Lach.
367 4075 429 4123 1281
446 4074 524 4122 arrodit
535 4072 611 4121 Pont.
622 4074 686 4122 Mar.
701 4073 776 4122 tunt.
790 4073 830 4121 for
840 4074 923 4121 morta
946 4088 949 4093 ·
1063 4071 1130 4119 1282
1145 4077 1167 4118 te
1177 4083 1260 4118 secum
1268 4067 1344 4118 Bern.

145 4154 185 4204 for
199 4170 288 4204 secam.
322 4170 402 4203 secum
415 4169 459 4204 nos
473 4153 553 4203 Lech.
587 4157 628 4203 vir
642 4170 723 4204 secum
737 4154 807 4204 Flor.
819 4155 851 4202 31
868 4153 958 4203 Camb.
971 4151 1038 4214 vulg.
1058 4151 1160 4200 ‘Italics
1175 4148 1257 4211 magis
1268 4163 1346 4210 quam

145 4236 253 4285 Latine'
264 4251 323 4297 says
334 4237 414 4287 Lech.
