3008 4800
748 212 799 276 VI

250 380 337 466 quod
360 381 435 446 solis
458 403 556 467 vapor
578 389 718 446 aetatem
741 404 806 446 non
827 404 920 468 posse
942 383 1071 448 videtur

250 487 376 550 efficere
398 507 502 571 usqne
524 484 605 571 adeo
627 487 752 572 pellens
774 487 896 551 fervore
919 509 1068 552 corusco:

251 598 345 654 tanto
368 588 518 653 mobilior
539 588 588 652 vis
611 597 645 654 et
667 590 885 655 dominantior
908 591 986 655 haec
1008 575 1082 687 estl

295 689 394 754 Nunc
417 711 456 754 ea
478 713 542 776 quo
564 701 659 776 pacto
681 692 859 779 gignantur
880 703 914 757 et
936 694 1057 778 impete
1080 703 1173 758 tanto

251 796 333 859 fiant
357 802 395 858 ut
417 795 542 880 possint
565 796 634 860 ictu
656 795 835 862 discludere
857 798 964 874 turris,
1052 811 1054 816 '

251 898 436 963 disturbare
458 898 578 972 domos,
600 898 739 963 avellere
763 899 856 985 tigna
876 900 1056 985 trabesque,

251 1009 286 1064 et
308 999 511 1063 monimenta
532 997 638 1062 virum
661 998 808 1064 demoliri
830 1009 928 1085 atque
951 1024 1100 1078 cremare,

250 1102 436 1168 exanimare
459 1100 615 1178 homines,
637 1103 777 1187 pecudes
799 1106 1150 1190 prosternerepassim,

250 1215 359 1272 cetera
381 1206 422 1270 de
444 1226 562 1290 genere
585 1205 645 1268 hoc
667 1227 733 1290 qua
755 1207 787 1270 vi
810 1207 913 1271 facere
935 1209 1044 1272 omnia
1065 1210 1198 1295 possint,

251 1307 433 1393 expediam,
454 1328 561 1391 neque
584 1316 614 1372 te
635 1308 669 1371 in
692 1309 855 1394 promissis
878 1310 971 1394 plura
993 1287 1163 1412 morabor}

295 1411 448 1476 Fulmina
470 1411 597 1498 gignier
618 1434 637 1476 e
658 1413 772 1477 crassis
795 1413 923 1498 alteque
944 1415 1158 1500 putandumst

250 1517 394 1580 nubibus
417 1515 592 1595 extructis3
622 1538 697 1579 nam
721 1517 809 1581 caelo
830 1516 921 1580 nulla
942 1538 1052 1582 sereno

249 1641 310 1684 nec
332 1619 450 1683 leviter
470 1617 579 1683 densis
601 1618 780 1684 mittuntur
801 1619 942 1684 nubibus
964 1600 1137 1726 umquaml

250 1745 327 1787 nam
349 1722 450 1787 dubio
472 1722 583 1807 procul
606 1721 666 1786 hoc
688 1722 758 1786 fieri
780 1723 951 1788 manifesta
971 1723 1064 1789 docet
1086 1746 1156 1804 rcs3

249 1827 336 1913 quod
359 1835 432 1891 tum
454 1848 513 1910 per
535 1832 641 1889 totum
664 1834 872 1891 concrescunt
894 1848 970 1890 aera
990 1827 1102 1904 nubes,
1130 1807 1136 1871 l

250 1934 397 2019 undique
418 1932 470 1997 uti
492 1932 644 1997 tenebras
666 1932 771 1997 oinnis
790 1931 980 1997 ¹Acherunta
1001 1953 1130 1996 reamur

255 2036 388 2122 liquisse
410 2043 445 2100 et
467 2057 602 2121 magnas
624 2034 705 2098 caeli
727 2035 900 2119 complesse
923 2057 1090 2099 cavernas:

250 2161 354 2224 usque
376 2139 457 2202 adeo
480 2146 586 2202 taetra
608 2137 792 2202 nimborum
814 2145 908 2202 nocte
930 2145 1038 2202 coorta

249 2244 430 2330 inpendent
453 2250 544 2306 atrae
566 2241 747 2306 formidinis
769 2263 825 2306 ora
845 2263 1003 2326 superne:

249 2371 323 2412 cnm
347 2345 526 2411 commoliri
548 2352 727 2429 tempestas
749 2343 885 2408 fulmina
906 2351 1043 2428 coeptat.

138 2535 143 2543 Ι
249 2460 418 2538 praeterea
440 2471 593 2535 persaepe
615 2448 709 2535 niger
730 2471 858 2534 quoque
880 2471 938 2534 per
960 2471 1047 2512 mare
1069 2449 1209 2527 nimbus,

249 2565 288 2621 ut
311 2555 393 2642 picis
415 2577 433 2620 e
456 2554 544 2618 caelo
566 2553 743 2617 demissum
766 2554 896 2640 flumen,
919 2553 953 2616 in
976 2552 1078 2616 undas

248 2661 294 2724 sic
316 2659 405 2723 cadit
428 2657 562 2722 effertus
584 2656 728 2721 tenebris
750 2656 860 2741 procul
883 2665 917 2720 et
939 2655 1042 2720 trahit
1064 2664 1170 2720 atram

250 2763 442 2828 fulminibus
464 2761 631 2849 gravidam
654 2768 884 2846 tempestatem
906 2767 1005 2844 atque
1027 2759 1183 2844 procellis

249 2868 382 2954 ignibus
405 2852 442 2930 ad
466 2865 571 2930 ventis
593 2887 668 2929 cum
690 2864 804 2950 primis
825 2864 894 2948 ipse
916 2864 1068 2948 repletus,

249 2972 284 3034 in
307 2979 394 3035 terra
416 2991 545 3054 quoque
567 2978 606 3033 ut
629 2969 814 3033 horrescant
835 2990 872 3031 ac
895 2976 983 3032 tecta
1003 2967 1178 3050 requirant.

251 3074 296 3139 sic
318 3074 423 3160 igitur
444 3095 562 3158 supera
582 3080 730 3136 nostrum
753 3081 851 3157 caput
874 3094 943 3137 esse
964 3071 1179 3157 putandumst

251 3184 484 3262 tempestatem
508 3176 617 3240 altam.
650 3175 865 3259 nequeenim
888 3175 1024 3261 caligine
1047 3184 1141 3240 tanta

249 3281 425 3345 obruerent
447 3287 558 3356 terras,
580 3278 643 3346 nisi
666 3278 870 3343 inaedificata
891 3301 1028 3363 superne

162 3485 192 3527 ut
203 3479 351 3526 insinuatur
362 3474 433 3524 Nice.
445 3473 515 3523 Flor.
528 3474 559 3522 31
572 3472 661 3524 (lamb.
675 3472 759 3535 vulg.:
777 3472 823 3521 but
834 3480 862 3521 ot
873 3472 913 3521 for
921 3475 965 3520 obi
976 3472 1000 3521 is
1012 3477 1058 3522 not
1073 3472 1222 3522 Lucretiam
1322 3475 1372 3524 237

162 3560 258 3622 pellens
275 3557 326 3606 Ed.
344 3557 384 3605 for
402 3557 498 3606 ultera.
533 3555 621 3604 tollens
638 3554 661 3602 A
677 3568 742 3602 corr.
754 3553 825 3602 Nico.
856 3554 952 3615 pellem
969 3552 1061 3610 Lamb.
1080 3553 1148 3614 vulg.
1165 3552 1245 3601 Laoh.
1278 3555 1373 3604 rollens

162 3639 238 3690 Wak.
371 3638 418 3686 241
437 3639 510 3698 tiano
526 3635 618 3685 Lamb.
630 3635 687 3684 first
700 3634 756 3700 (not
766 3635 835 3684 Flor.
847 3635 888 3700 31)
901 3636 941 3683 for
952 3637 1020 3696 tyno.
1057 3637 1129 3697 lieno
1140 3633 1209 3684 Nico.
1225 3634 1291 3683 later
1306 3649 1371 3684 mes.

163 3722 216 3772 and
227 3721 280 3772 eds.
294 3720 382 3770 before
392 3719 485 3768 Iramb.
610 3719 658 3766 242
670 3719 785 3767 denwliri
797 3717 860 3768 Mar.
876 3717 932 3768 Alo
949 3719 962 3765 1
974 3718 990 3764 J
992 3720 1048 3766 unt.
1061 3717 1101 3766 for
1112 3718 1263 3766 cortoiolo-i:
1280 3730 1372 3778 prepo-

162 3803 257 3854 sitions
274 3817 345 3852 seem
362 3802 434 3851 often
451 3805 478 3850 to
494 3801 524 3850 be
538 3799 701 3849 confounded
715 3799 744 3848 in
760 3813 807 3848 our
822 3786 884 3848 mss.
918 3814 1024 3848 cremore
1036 3798 1085 3847 Ed.
1098 3798 1213 3848 forciore
1225 3797 1311 3846 which
1323 3798 1373 3848 has

162 3883 344 3945 unmeaning:
365 3881 409 3932 the
424 3883 476 3931 leet
490 3881 587 3939 letters,
599 3880 685 3929 which
699 3896 764 3930 were
778 3897 812 3931 on
829 3881 873 3930 the
888 3881 988 3930 outside
1003 3881 1105 3943 margin
1120 3881 1146 3930 of
1161 3879 1215 3929 this
1230 3879 1275 3928 the
1290 3880 1372 3931 aceth

162 3983 227 4032 page
243 3968 272 4017 of
287 3967 333 4016 the
350 3965 497 4028 archetype,
509 3978 573 4014 were
589 3964 649 4013 lost.
684 3966 793 4013 lomento
811 3963 889 4014 Lech.
905 3964 944 4013 for
955 3967 1118 4015 aenimate:
1136 3963 1261 4013 aviolent
1272 3961 1373 4024 change

161 4050 246 4100 which
264 4049 381 4111 destroye
399 4048 445 4097 the
462 4046 543 4096 whole
560 4047 629 4095 force
646 4046 675 4095 of
689 4046 734 4096 the
750 4061 864 4109 passage.
996 4047 1042 4095 245
1061 4054 1084 4095 te
1102 4045 1183 4095 added
1200 4045 1234 4107 by
1249 4044 1319 4093 Flor.
1339 4047 1370 4093 31

163 4132 251 4182 Gamb.
265 4132 341 4180 Pont.
354 4131 418 4180 Mar.
537 4129 585 4178 246
602 4131 702 4190 pionier
713 4129 778 4177 Mar.
790 4128 847 4178 Ald.
861 4129 875 4176 1
886 4129 958 4178 Junt.
974 4129 1013 4178 for
1024 4131 1105 4190 pieni.
1138 4143 1204 4177 reone
1214 4128 1287 4188 pieni
1299 4126 1372 4176 Flor.

162 4217 193 4264 er
206 4213 297 4264 camb.
331 4211 505 4262 ornatura.
520 4212 668 4260 forentes.
771 4213 818 4260 250
837 4211 1116 4261 intraturorum.
1221 4211 1370 4260 atramit-
1455 4195 1471 4203 ”

162 4313 216 4346 erem
231 4299 329 4360 flumen
346 4296 419 4346 Junt.
441 4295 481 4343 for
497 4296 627 4344 dimissum
639 4296 747 4357 sulncen.
782 4296 912 4344 demissum
927 4296 1025 4356 fulmen
1042 4295 1107 4343 Mar.
1125 4294 1221 4344 Awanc.
1241 4291 1326 4342 which
1347 4293 1371 4342 is

160 4377 281 4440 repeated
297 4392 327 4428 as
344 4393 360 4427 a
376 4377 520 4427 correction
537 4378 565 4425 at
582 4375 627 4424 the
644 4375 695 4425 end
711 4377 741 4425 ol
759 4375 801 4426 his
819 4377 937 4426 Catullus
953 4375 1004 4425 and
1021 4379 1091 4425 must
1108 4375 1139 4425 be
1156 4389 1172 4424 a
1188 4373 1312 4438 misprint
1329 4376 1372 4425 for
