3008 4800
744 181 760 244 I

233 351 268 406 et
291 342 436 426 fugitant
458 342 492 403 in
516 340 612 403 rebus
636 339 731 402 inane
755 341 937 424 relinquere
960 364 1086 425 purum,

235 443 338 506 ardua
360 445 439 506 dum
463 450 626 517 metuunt,
648 445 809 507 amittunt
833 465 908 505 vem
931 444 1002 517 viai,

149 609 152 617 ,
237 569 295 610 nec
319 569 447 610 rursum
471 556 609 610 cernunt
632 557 784 632 exempto
808 547 903 610 rebus
927 547 1015 609 inani

236 650 345 712 omnia
367 649 495 712 denseri
519 649 653 734 fierique
677 673 717 713 ex
741 649 891 713 omnibus
915 669 1018 712 unum

235 771 359 835 corpus,
382 752 428 814 nil
452 752 493 815 ab
516 774 550 815 se
574 752 660 836 quod
683 753 785 837 possit
809 752 940 816 mittere
963 752 1099 836 raptim,

147 874 151 880 ·
236 856 367 920 aestifer
389 856 475 942 ignis
499 857 549 930 uti
572 857 683 921 lumen
705 857 784 920 iacit
806 865 904 940 atque
929 878 1086 940 vaporem,

237 960 409 1025 ut'videas
431 984 496 1025 non
520 983 538 1024 e
561 960 692 1046 stipatis
715 960 863 1045 partibus
885 949 986 1062 esse·

237 1064 373 1148 quodsi
396 1065 479 1128 forte
502 1064 566 1128 alia
589 1063 727 1127 credunt
750 1063 876 1126 ratione
899 1072 1025 1148 potesse

238 1165 323 1252 ignis
346 1166 380 1229 in
403 1177 498 1230 coetu
522 1166 646 1251 stingui
669 1174 862 1254 mutareque
886 1187 1007 1251 corpus,

238 1270 360 1334 scilicet
384 1292 423 1334 ex
446 1271 536 1334 nulla
559 1272 662 1334 facere
687 1271 720 1333 id
743 1272 771 1333 si
795 1283 887 1354 parte
911 1280 1085 1354 reparcent‚

238 1376 362 1440 occidet
385 1376 425 1439 ad
450 1375 555 1437 nilum
578 1375 733 1438 nimirum
758 1373 907 1437 funditus
929 1374 1020 1437 ardor
1046 1367 1049 1373 ’

240 1480 344 1544 omnis
366 1487 402 1544 et
425 1502 441 1544 e
463 1479 529 1542 nilo
552 1480 633 1543 fient
656 1500 881 1564 quaecumque
904 1487 1059 1542 creantur
1072 1460 1083 1564 l

240 1607 316 1647 nam
339 1584 566 1669 quodcumque
589 1584 657 1648 suis
679 1591 847 1647 mutatum
873 1583 992 1647 finibus
1015 1583 1090 1661 exit,

150 1705 154 1710 “
240 1687 393 1751 continuo
416 1686 476 1750 hoo
499 1708 584 1750 mors
607 1696 657 1750 est
681 1687 769 1751 illius
793 1686 879 1771 quod
902 1687 965 1751 fuit
987 1636 1090 1767 antei

240 1790 374 1875 proinde
398 1790 516 1874 aliquit
539 1812 691 1874 superare
713 1812 844 1854 neeesse
868 1799 917 1853 est
940 1791 1099 1855 incolume
1121 1791 1200 1867 ollis,

176 1939 226 2002 3
220 1915 283 1967 ne
306 1892 368 1956 tibi
391 1914 442 1956 res
464 1893 599 1956 redeant
622 1892 664 1956 ad
687 1893 789 1956 nilum
815 1893 963 1957 funditus
985 1916 1095 1966 omnes

216 1966 222 2026 l
218 1998 283 2074 de
305 1996 437 2081 niloque
459 2006 575 2061 renata
598 1997 742 2083 vigescat
765 1997 856 2082 copia
879 2020 993 2062 rerum.
1007 1969 1016 2074 i

242 2121 329 2163 nunc
351 2099 453 2184 igitur
475 2100 629 2185 quoniam
653 2100 836 2163 certissima
858 2122 989 2185 corpora
1012 2101 1168 2185 quaedam

243 2211 320 2267 sunt
344 2224 428 2286 quae
452 2212 643 2267 conservant
667 2211 819 2266 naturam
842 2225 967 2288 semper
990 2204 1132 2279 eandem,

244 2328 381 2392 quorum
405 2307 498 2371 abitu
521 2316 581 2371 aut
604 2307 696 2371 aditu
720 2316 914 2392 mutatoque
937 2308 1047 2372 ordine
1070 2317 1199 2372 mutant

244 2416 396 2472 naturam
419 2431 471 2472 res
495 2418 529 2473 et
551 2417 747 2473 convertunt
770 2430 901 2494 corpora
922 2431 998 2484 sese,

244 2511 325 2577 scire
348 2512 425 2576 licet
447 2534 512 2575 non
536 2534 604 2576 esse
629 2512 707 2575 haec
730 2511 826 2597 ignea
848 2534 977 2596 corpora
1000 2535 1113 2576 rerum.

245 2616 293 2680 nil
315 2616 449 2680 referret
473 2616 561 2680 enim
585 2615 745 2699 quaedam
768 2614 922 2679 decedere
944 2615 1041 2691 abire,

246 2729 346 2806 atque
369 2721 434 2784 alia
456 2721 611 2796 adtribui,
635 2721 821 2806 mutarique
844 2720 955 2784 ordine
977 2720 1143 2805 quaedam,

246 2826 274 2889 si
296 2833 407 2890 tamen
430 2826 552 2890 ardoris
576 2835 728 2889 naturam
751 2833 869 2889 cuncta
891 2833 1057 2903 tenerent;

160 3054 213 3089 was
224 3039 269 3090 the
280 3041 332 3090 last
343 3040 373 3089 in
384 3055 409 3103 p.
420 3043 452 3092 27
464 3043 492 3091 of
503 3043 548 3091 the
559 3042 697 3107 archetype
710 3044 763 3095 end
775 3045 903 3095 therefore
914 3061 948 3096 on
960 3045 1005 3095 the
1015 3045 1115 3094 outside
1127 3041 1235 3104 margin,
1245 3039 1296 3090 and
1304 3053 1332 3089 aa
1341 3038 1368 3088 in

159 3135 240 3183 many
251 3120 326 3171 other
336 3136 408 3172 cases
419 3121 473 3172 had
484 3124 588 3174 become
599 3126 686 3188 partly
697 3126 818 3188 illegible.
844 3136 957 3176 mussant
968 3127 1037 3175 Flor.
1049 3127 1080 3174 31
1092 3124 1179 3175 camb.
1191 3124 1264 3172 Pont.
1277 3119 1366 3170 Lamb.

159 3201 198 3252 ed.
213 3204 229 3250 2
246 3203 298 3252 and
314 3205 337 3262 3,
352 3206 400 3252 eto.
414 3204 523 3254 without
541 3219 622 3256 sense.
659 3209 733 3256 multi
751 3208 815 3258 Mar.
830 3209 903 3258 June.
918 3208 1008 3258 hamb,
1023 3207 1062 3256 ed.
1080 3208 1101 3267 1,
1120 3210 1166 3256 eta.
1204 3207 1282 3254 inesse
1299 3203 1366 3252 Flor.

93 3289 94 3292 ’
160 3284 194 3332 30
213 3297 276 3335 corr.
299 3284 357 3333 Ver.
378 3284 443 3334 Van.
467 3286 524 3336 Ald.
551 3289 565 3334 1
590 3287 723 3337 Candidus
746 3293 773 3338 at
796 3289 847 3339 and
869 3291 898 3338 of
918 3291 991 3339 Jnnt.
1020 3291 1132 3338 'Memmi
1154 3287 1245 3336 Heins.
1269 3285 1297 3334 in
1319 3298 1367 3333 ms.

161 3367 246 3414 notes.
284 3368 396 3416 ‘amedee
414 3365 631 3427 islaytoveot’ls.
646 3370 719 3420 Voss.
735 3371 763 3419 in
775 3385 824 3420 ms.
838 3377 921 3420 notes.
955 3370 1129 3420 adesreLach.
1163 3371 1279 3417 amussim
1294 3367 1371 3416 Bem.

162 3445 244 3494 ‘illud
262 3446 382 3496 Lucretio
402 3447 561 3510 Bernaysius
581 3451 721 3500 restituens
741 3451 814 3501 cedet
836 3451 914 3501 hodie
936 3451 987 3500 nisi
1010 3450 1086 3500 fallor
1108 3450 1141 3499 H.
1162 3447 1282 3497 Munroni
1301 3450 1371 3496 cresci

97 3576 99 3580 Α
164 3526 329 3577 emendanti'
345 3528 448 3577 Ritschl
465 3544 552 3592 opusc.
572 3546 592 3579 11
610 3547 634 3594 p.
655 3534 710 3582 272.
814 3535 860 3583 659
879 3549 939 3583 vera
955 3537 1010 3582 viai
1028 3534 1049 3580 A
1066 3546 1130 3580 corr.
1148 3531 1188 3580 for
1203 3545 1247 3580 ver
1263 3531 1331 3579 aula.

165 3608 214 3658 660
228 3611 303 3658 inani
318 3608 386 3657 Flor.
400 3611 431 3658 30
447 3625 512 3659 corr.
526 3612 591 3660 Mar.
603 3613 619 3661 J
621 3619 678 3662 unt.
690 3615 730 3661 for
745 3616 831 3664 inane.
965 3613 1012 3662 662
1029 3615 1122 3676 raptim
1137 3611 1213 3660 Pont.
1224 3611 1319 3659 Avanc.
1334 3609 1373 3657 lor

163 3692 253 3753 raptis.
292 3691 413 3752 ‘quidam
432 3695 528 3755 raptim
545 3700 696 3756 agnoscunt.
735 3696 863 3745 Marullus
881 3699 980 3746 rzsatmn’
999 3694 1128 3744 Candidus
1145 3696 1172 3742 at
1188 3691 1238 3741 end
1255 3691 1284 3740 ol
1297 3691 1369 3740 Junt.

165 3771 219 3821 and
230 3786 259 3821 so
270 3772 338 3821 Flor.
351 3774 383 3822 30
395 3787 458 3822 corr.
474 3773 526 3822 and
538 3775 603 3823 Mar.
616 3775 644 3823 in
656 3775 711 3825 eod.
727 3776 793 3826 Viet.
929 3777 975 3826 665
988 3779 1043 3825 alie
1058 3776 1135 3825 Lach.
1151 3775 1247 3838 rightly
1258 3776 1297 3824 lor
1312 3777 1372 3823 reia.

165 3857 222 3904 ulla
238 3855 303 3904 Mar.
316 3855 372 3905 Ald.
388 3857 401 3903 1
421 3857 492 3907 Junt.
508 3863 554 3908 ete.
592 3875 645 3908 aaa
662 3859 730 3910 Nico.
746 3863 793 3910 etc.
908 3862 955 3910 666
972 3870 1041 3910 coetu
1057 3862 1152 3922 stinyui
1169 3859 1242 3908 Pont.
1262 3859 1371 3908 Turneb.

166 3937 258 3988 namt.
276 3938 317 3988 ed.
334 3941 350 3987 2
366 3940 420 3989 and
437 3943 459 3999 3,
478 3945 526 3991 etc.
543 3942 582 3991 for
600 3951 682 3992 coetus
697 3945 804 4005 etiayui.
835 3953 931 3992 cratere
949 3944 1017 3994 Mar,
1031 3945 1102 3993 Junt.
1122 3944 1161 3993 for
1177 3958 1279 3992 mutare.
1316 3941 1372 3991 Ver.

168 4021 231 4071 Van.
246 4022 310 4072 Mer.
325 4022 381 4073 Ald.
402 4024 415 4071 1
433 4024 524 4075 Lamb.
543 4025 581 4075 ed.
603 4027 616 4074 l
633 4024 700 4075 have
717 4027 839 4088 absurdly
850 4030 878 4076 iu
895 4037 976 4076 coetus
992 4030 1084 4088 stri'nyi
1100 4022 1255 4088 arcessareqne
1272 4039 1374 4086 corpus;

167 4103 220 4152 and
231 4103 300 4152 Flor.
314 4105 344 4152 31
357 4105 446 4155 Oamb.
462 4122 578 4156 mussare.
683 4109 730 4158 666
738 4110 968 4170 funditusBcorr.
984 4111 1157 4171 forsuaditrrr.
1192 4108 1374 4159 urdorAcorr.

167 4183 239 4233 Nice.
252 4185 292 4233 lor
302 4187 385 4234 arbor.
496 4229 498 4231 .
519 4189 567 4239 674
579 4191 691 4250 viyescat
703 4189 794 4239 Heius,
810 4190 838 4238 in
850 4195 925 4239 notes
939 4191 991 4240 and
1006 4191 1084 4240 Lech.
1098 4192 1137 4239 lor
1151 4192 1273 4238 viverent:
1291 4204 1372 4254 comp.

168 4268 223 4317 757.
259 4269 368 4316 virescat
385 4267 456 4317 Nica.
473 4268 540 4331 vulg.
688 4271 736 4320 680
753 4273 869 4320 decedere
887 4272 976 4322 hamb.
997 4271 1075 4321 Lech
1096 4276 1143 4321 etc.
1163 4271 1202 4319 for
1222 4272 1374 4322 descendere.

167 4348 294 4397 discedere
306 4348 328 4396 A
339 4362 402 4400 corr.
418 4349 482 4398 Mar.
495 4350 569 4400 Junt.
584 4356 632 4400 eto.
776 4353 823 4402 681
836 4355 891 4402 alia
904 4355 968 4405 Mar.
984 4354 1070 4404 hamb.
1086 4358 1154 4402 most
1167 4352 1263 4415 rightly
1274 4353 1313 4401 lor
1325 4355 1377 4402 alio
