3008 4800
711 215 768 280 ΙΙΙ
1278 230 1336 298 157

216 401 234 443 e
257 377 376 462 quibus
398 376 432 440 id
455 376 514 438 fiat
537 376 641 440 causis
665 397 794 460 quoque
817 397 947 440 noscere
970 386 1004 441 et
1026 377 1112 441 unde
1257 395 1311 460 105
1319 395 1333 460 5

216 488 309 544 tanta
331 479 410 543 mali
432 486 600 562 tamquam
625 479 725 543 moles
749 481 783 542 in
806 486 936 563 pectore
958 487 1093 555 constet,

216 585 297 648 haut
320 583 368 646 ita
390 583 492 646 vitam
515 592 660 668 agerent,
683 591 722 647 ut
746 606 834 647 nunc
856 583 1047 669 plerumque
1070 583 1215 648 videmus

216 687 294 771 quid
317 685 379 750 sibi
402 686 539 770 quisque
563 687 643 750 velit
666 686 846 751 nescireet
869 709 1023 771 quaerere
1045 709 1170 772 semper

215 792 414 848 commutare
438 785 543 848 locum
566 785 659 870 quasi
682 807 764 849 onus
786 785 947 869 deponere
971 772 1104 870 possiti

215 888 284 952 exit
307 909 403 972 saepe
426 888 511 952 foras
534 889 662 975 magnis
685 910 725 953 ex
749 888 886 953 aedibus
908 888 972 965 ille,
1256 889 1337 952 1060
1377 893 1379 896 ⁴

216 1012 285 1054 esse
307 991 396 1055 domi
418 1012 517 1076 quem
540 999 769 1076 pertaesumst,
791 990 966 1077 subitoque
988 992 1122 1067 revertit,

215 1094 336 1179 quippe
359 1094 435 1158 foris
456 1094 524 1158 nilo
547 1093 665 1158 melius
687 1095 745 1179 qui
768 1095 890 1159 sentiat
912 1076 1007 1200 essai

216 1199 316 1263 currit
339 1216 439 1284 agens
462 1220 597 1262 mannos
619 1198 660 1262 ad
684 1198 796 1262 villam
818 1198 1078 1285 praecipitanter,

215 1301 374 1366 auxilium
398 1300 494 1365 tectis
518 1300 612 1386 quasi
635 1302 718 1365 ferre
741 1301 932 1366 ardentibus
954 1302 1096 1380 instans;

213 1405 330 1469 oscitat
352 1404 525 1491 extemplo,
549 1405 663 1491 tetigit
686 1427 761 1470 cum
785 1404 899 1469 limina
921 1405 1026 1482 villae,
1254 1407 1331 1488 1065

214 1517 272 1573 aut
294 1509 364 1573 abit
387 1510 422 1573 in
444 1531 595 1573 somnum
616 1509 725 1594 gravis
747 1516 847 1593 atque
871 1508 990 1572 oblivia
1012 1509 1147 1594 quaerit,

214 1622 272 1677 aut
295 1613 396 1678 etiam
418 1634 593 1699 properans
616 1613 731 1678 urbem
754 1614 840 1699 petit
863 1607 963 1699 atque
985 1587 1120 1690 revisit]

214 1717 274 1782 hoc
296 1739 331 1781 se
353 1716 491 1803 quisque
513 1717 609 1781 modo
632 1716 719 1803 fugit
742 1718 791 1800 (at
814 1739 912 1802 quem
935 1716 1067 1793 scilicet,
1089 1725 1127 1780 ut
1150 1717 1195 1793 fit,

214 1821 357 1907 effugere
381 1821 462 1884 haut
484 1819 571 1906 potis
593 1828 652 1897 est,
675 1820 813 1906 ingratis
836 1820 963 1903 haeret)
986 1829 1020 1885 et
1043 1820 1111 1885 odit

213 1932 393 2009 propterea,
414 1922 519 1988 morbi
541 1923 618 2009 quia
641 1945 773 1988 causam
795 1944 862 1987 non
884 1931 977 1988 tenet
998 1945 1110 2010 aeger;
1254 1942 1335 2008 1070

212 2049 312 2112 quam
334 2026 417 2091 bene
440 2025 468 2090 si
491 2025 612 2102 videat,
634 2026 701 2091 iarn
724 2026 821 2090 rebus
842 2025 981 2115 quisque
1003 2027 1123 2092 relictis

212 2139 364 2195 naturam
387 2130 529 2216 primurn
552 2129 685 2194 studeat
708 2151 899 2216 cognoscere
921 2153 1038 2207 rerum,

213 2234 367 2320 temporis
389 2232 515 2298 aeterni
538 2233 703 2318 quoniam,
726 2255 791 2297 non
813 2234 912 2298 unius
935 2234 1040 2311 horae,

212 2339 391 2427 ambigitur
412 2347 528 2416 status,
551 2340 586 2402 in
608 2361 673 2423 quo
695 2338 740 2402 sit
763 2338 956 2403 mortalibus
979 2338 1082 2403 omnis

213 2451 311 2519 aetas,
333 2450 407 2528 post
429 2451 568 2506 mortem
591 2464 675 2526 quae
698 2449 801 2505 restat
823 2463 963 2524 cumque
985 2407 1166 2540 manendai
1253 2459 1330 2524 1075

256 2546 406 2632 Denique
429 2554 522 2611 tanto
545 2568 641 2631 opere
664 2546 698 2609 in
721 2545 830 2610 dubiis
852 2545 1013 2635 trepidare
1036 2547 1162 2631 periclis

212 2673 295 2736 quae
307 2649 404 2715 ‘mala
425 2672 483 2714 uos
505 2650 630 2736 subigit
653 2649 735 2714 vitai
758 2657 852 2713 tanta
874 2649 991 2735 cupido
1003 2633 1034 2746 il

206 2762 300 2817 'certa
322 2752 454 2838 quidem
477 2752 553 2817 finis
576 2752 663 2817 vitae
686 2752 879 2816 mortalibus
902 2752 1011 2817 adstat

212 2880 271 2922 nec
293 2857 432 2922 devitari
455 2858 560 2922 letum
583 2865 660 2943 pote
683 2857 763 2942 quin
786 2833 969 2948 obeamus}

211 2970 378 3046 praeterea
400 2985 566 3027 versamur
589 2961 711 3026 ibidem
734 2969 834 3046 atque
856 2962 1004 3025 insumus
1026 2983 1127 3046 usque
1250 2964 1333 3026 1080

210 3088 269 3130 nec
292 3088 375 3130 nova
396 3066 535 3131 vivendo
558 3065 748 3151 procuditur
770 3065 838 3130 ulla
861 3065 1031 3151 voluptas3

125 3204 225 3251 incerto.
357 3201 419 3251 1061
437 3205 542 3252 revertit
553 3201 635 3251 added
646 3202 680 3263 by
691 3201 805 3251 Politian
817 3201 845 3250 in
857 3216 938 3264 marg.
951 3201 1020 3250 Flor.
1032 3202 1063 3252 29
1075 3201 1132 3251 Ald.
1149 3203 1162 3248 1
1173 3201 1246 3252 Junt.
1261 3202 1327 3265 vulg.

126 3291 238 3334 reveniat
250 3284 319 3335 Flor.
333 3286 366 3335 29
376 3284 446 3333 Flor.
459 3285 490 3333 31
504 3283 593 3335 (lamb.
608 3284 675 3334 Mar.
708 3291 835 3333 reverteas
847 3285 924 3334 Pont.
956 3282 1133 3344 reviiitProll‚
1148 3282 1331 3336 deformant.

125 3365 200 3415 Lacr.
212 3380 237 3427 p.
249 3366 356 3416 44-48.
441 3366 503 3416 1063
512 3368 717 3429 praecipitanter
729 3365 798 3415 Nico.
814 3365 855 3414 for
862 3367 1025 3428 praecipiter.
1060 3365 1089 3415 ‘f.
1101 3369 1329 3429 praecipitemur...

125 3450 217 3497 imtat’
236 3448 328 3498 Heins.
347 3448 375 3497 in
394 3463 442 3497 ms.
461 3451 544 3498 notes.
679 3449 743 3498 1068
763 3447 839 3499 1069:
862 3449 896 3510 by
914 3463 930 3498 a
949 3448 1030 3498 better
1047 3448 1219 3510 punctuation
1237 3449 1249 3497 I
1267 3448 1332 3498 have

46 3538 49 3542 '
126 3529 139 3577 Ι
157 3529 234 3578 think
251 3529 327 3579 made
344 3529 398 3579 this
415 3530 536 3592 disputed
549 3530 657 3593 passage
675 3530 746 3592 quite
761 3529 845 3579 clear:
865 3530 928 3582 1069
946 3532 1055 3592 ingratis
1071 3529 1162 3579 hamb.
1181 3529 1277 3592 rightly
1293 3531 1332 3580 for

125 3613 268 3671 ingratiam:
285 3611 395 3674 nothing
406 3611 457 3660 elsa
469 3612 491 3660 is
503 3615 531 3660 to
544 3612 574 3660 be
585 3610 717 3673 changed3
735 3611 782 3660 but
793 3619 821 3660 at
832 3613 1023 3674 quem...haeret
1039 3625 1082 3660 are
1093 3614 1119 3659 to
1131 3612 1161 3660 be
1173 3611 1292 3661 enclosed
1303 3613 1331 3660 in

126 3693 250 3742 brackets.
383 3693 447 3742 1008
464 3693 504 3741 101
519 3708 592 3755 quera
602 3692 682 3743 Lach.
702 3707 790 3755 quom:
807 3692 850 3741 his
868 3694 929 3742 11010
947 3692 969 3741 is
987 3694 1056 3741 most
1071 3692 1269 3754 unsatisfactory
1280 3693 1332 3742 and

94 3824 96 3829 .
125 3780 151 3825 to
170 3791 213 3824 me
232 3775 326 3824 almost
346 3774 549 3837 unintelligible;
572 3776 711 3837 especially
728 3775 773 3825 the
789 3776 874 3824 words
897 3782 971 3825 ‘nam
990 3790 1046 3824 sesa
1063 3774 1141 3824 homo
1163 3781 1209 3824 aut
1232 3791 1330 3839 semper

124 3858 234 3920 effugere
251 3860 338 3921 potest
355 3863 402 3908 aut
419 3873 572 3920 numquam,
591 3858 715 3920 quoniam
735 3857 784 3907 hoc
803 3858 1017 3920 totumfigurate
1036 3857 1152 3908 dicitur¹.
1189 3859 1283 3907 Seneca
1300 3857 1331 3906 de

95 3948 98 3953 '
125 3939 256 4000 tranquill.
280 3940 348 3989 1114
366 3940 460 4002 clearly
477 3940 538 3989 read
558 3956 646 4003 quem:
664 3940 697 3988 he
716 3940 833 4002 explains
852 3941 928 3989 Lucr.
952 3939 1023 4001 quite
1043 3939 1172 4001 correctly.
1204 3941 1275 4002 sagit
1294 3933 1329 3988 at.

120 4021 219 4082 fugitat
232 4019 335 4082 Madvig
349 4022 416 4082 poet.
432 4021 491 4070 Lat.
508 4035 586 4068 carm.
600 4021 645 4069 sel.
663 4021 744 4069 1843:
761 4019 809 4069 but
825 4020 932 4082 Seneca,
946 4034 976 4069 as
987 4019 1043 4070 vell
1056 4034 1084 4068 as
1096 4034 1143 4068 our
1154 4034 1226 4077 msa,
1238 4019 1331 4081 clearly

125 4101 185 4150 read
198 4103 270 4164 sagit
288 4111 323 4153 at.
427 4103 490 4154 1069
510 4105 596 4152 haeret
614 4113 638 4152 et
657 4102 906 4165 carrucatam.
925 4101 1015 4152 Lamb.
1038 4101 1105 4163 vulg.
1139 4101 1190 4150 For
1205 4104 1330 4162 ingratius

125 4185 188 4233 Ven.
204 4186 280 4234 alone
295 4185 344 4235 has
360 4188 453 4247 initae3
472 4184 601 4235 therefore
616 4186 712 4235 Avanc.
724 4183 782 4233 who
798 4183 911 4234 founded
921 4183 964 4233 his
975 4183 1087 4232 revision
1099 4197 1133 4232 on
1145 4183 1166 4231 it
1176 4183 1224 4230 has
1235 4185 1330 4231 invitas

122 4270 248 4319 adhaeret.
379 4268 442 4320 1073
461 4269 588 4330 Temporis
606 4269 704 4316 aeterni
722 4266 797 4315 Pont.
815 4267 881 4316 Mar.
898 4265 957 4316 ald.
977 4265 1080 4314 launi.
1099 4265 1155 4313 first
1173 4265 1212 4314 for
1229 4268 1328 4314 Artemi

125 4353 247 4414 terporis.
348 4352 411 4401 1075
428 4351 553 4399 maaeada
565 4349 655 4400 Lamb.
671 4350 851 4399 formarieado.
956 4349 1019 4399 1018
1038 4348 1325 4408 Certaquidemhvanc.
