<?xml version="1.0" encoding="UTF-8"?>
<!DOCTYPE html PUBLIC "-//W3C//DTD XHTML 1.0 Transitional//EN"
    "http://www.w3.org/TR/xhtml1/DTD/xhtml1-transitional.dtd">
<html xmlns="http://www.w3.org/1999/xhtml" xml:lang="en" lang="en">
 <head>
  <title>
</title>
<meta http-equiv="Content-Type" content="text/html;charset=utf-8" />
  <meta name='ocr-system' content='tesseract 3.04.00' />
  <meta name='ocr-capabilities' content='ocr_page ocr_carea ocr_par ocr_line ocrx_word'/>
</head>
<body>
  <div class='ocr_page' id='page_1' title='image "./tlucreticarider00munrgoog_0281.png"; bbox 0 0 3008 4800; ppageno 0'>
   <div class='ocr_carea' id='block_1_1' title="bbox 155 193 789 278">
    <p class='ocr_par' dir='ltr' id='par_1_1' title="bbox 155 193 789 278">
     <span class='ocr_line' id='line_1_1' title="bbox 155 193 789 278; baseline -0.009 -11"><span class='ocrx_word' id='word_1_1' title='bbox 155 193 222 278; x_wconf 78' lang='lat'><strong>264</strong></span> <span class='ocrx_word' id='word_1_2' title='bbox 740 197 789 262; x_wconf 84' lang='lat' dir='ltr'><strong>VI</strong></span> 
     </span>
    </p>
   </div>
   <div class='ocr_carea' id='block_1_2' title="bbox 166 357 1377 3326">
    <p class='ocr_par' dir='ltr' id='par_1_2' title="bbox 166 357 1377 3326">
     <span class='ocr_line' id='line_1_2' title="bbox 244 357 1120 444; baseline 0.002 -22"><span class='ocrx_word' id='word_1_3' title='bbox 244 358 430 422; x_wconf 78' lang='lat' dir='ltr'><strong>concutitur</strong></span> <span class='ocrx_word' id='word_1_4' title='bbox 451 357 533 422; x_wconf 84' lang='lat' dir='ltr'><strong>caeli</strong></span> <span class='ocrx_word' id='word_1_5' title='bbox 554 357 670 422; x_wconf 85' lang='lat' dir='ltr'><strong>domus</strong></span> <span class='ocrx_word' id='word_1_6' title='bbox 691 358 836 444; x_wconf 88' lang='lat' dir='ltr'><strong>undique</strong></span> <span class='ocrx_word' id='word_1_7' title='bbox 858 367 992 444; x_wconf 82' lang='lat' dir='ltr'><strong>totaque</strong></span> <span class='ocrx_word' id='word_1_8' title='bbox 1014 361 1120 436; x_wconf 71' lang='lat' dir='ltr'><strong>tellnS,</strong></span> 
     </span>
     <span class='ocr_line' id='line_1_3' title="bbox 206 443 1065 556; baseline 0.001 -30"><span class='ocrx_word' id='word_1_9' title='bbox 206 469 280 526; x_wconf 53' lang='lat' dir='ltr'><strong>*et</strong></span> <span class='ocrx_word' id='word_1_10' title='bbox 302 484 377 526; x_wconf 92' lang='lat' dir='ltr'><strong>cum</strong></span> <span class='ocrx_word' id='word_1_11' title='bbox 401 473 548 548; x_wconf 90' lang='lat' dir='ltr'><strong>tempora</strong></span> <span class='ocrx_word' id='word_1_12' title='bbox 569 483 604 527; x_wconf 87' lang='lat' dir='ltr'><strong>se</strong></span> <span class='ocrx_word' id='word_1_13' title='bbox 625 462 704 527; x_wconf 82' lang='lat' dir='ltr'><strong>veris</strong></span> <span class='ocrx_word' id='word_1_14' title='bbox 726 462 875 526; x_wconf 87' lang='lat' dir='ltr'><strong>florentia</strong></span> <span class='ocrx_word' id='word_1_15' title='bbox 896 443 1065 556; x_wconf 72' lang='lat' dir='ltr'><strong>panduntl</strong></span> 
     </span>
     <span class='ocr_line' id='line_1_4' title="bbox 214 564 1371 652; baseline 0.006 -25"><span class='ocrx_word' id='word_1_16' title='bbox 214 564 362 648; x_wconf 86' lang='lat' dir='ltr'><strong>--frigore</strong></span> <span class='ocrx_word' id='word_1_17' title='bbox 385 566 472 630; x_wconf 87' lang='lat' dir='ltr'><strong>enim</strong></span> <span class='ocrx_word' id='word_1_18' title='bbox 495 567 613 630; x_wconf 80' lang='lat' dir='ltr'>desunt</span> <span class='ocrx_word' id='word_1_19' title='bbox 636 567 728 652; x_wconf 84' lang='lat' dir='ltr'><strong>ignes</strong></span> <span class='ocrx_word' id='word_1_20' title='bbox 750 566 906 651; x_wconf 89' lang='lat' dir='ltr'><strong>ventique</strong></span> <span class='ocrx_word' id='word_1_21' title='bbox 928 566 1031 631; x_wconf 85' lang='lat' dir='ltr'><strong>calore</strong></span> <span class='ocrx_word' id='word_1_22' title='bbox 1304 571 1371 650; x_wconf 90' lang='grc'>360</span> 
     </span>
     <span class='ocr_line' id='line_1_5' title="bbox 216 650 1139 760; baseline 0.003 -29"><span class='ocrx_word' id='word_1_23' title='bbox 216 667 403 733; x_wconf 36' lang='lat' dir='ltr'><strong>*deficiunt</strong></span> <span class='ocrx_word' id='word_1_24' title='bbox 425 692 531 755; x_wconf 89' lang='lat' dir='ltr'><strong>neque</strong></span> <span class='ocrx_word' id='word_1_25' title='bbox 553 681 631 733; x_wconf 90' lang='lat' dir='ltr'><strong>sunt</strong></span> <span class='ocrx_word' id='word_1_26' title='bbox 654 679 721 733; x_wconf 85' lang='lat' dir='ltr'><strong>tam</strong></span> <span class='ocrx_word' id='word_1_27' title='bbox 744 670 843 734; x_wconf 89' lang='lat' dir='ltr'><strong>denso</strong></span> <span class='ocrx_word' id='word_1_28' title='bbox 864 692 994 754; x_wconf 87' lang='lat' dir='ltr'><strong>corpore</strong></span> <span class='ocrx_word' id='word_1_29' title='bbox 1016 650 1139 760; x_wconf 73' lang='lat' dir='ltr'><strong>nubesl</strong></span> 
     </span>
     <span class='ocr_line' id='line_1_6' title="bbox 201 771 1159 857; baseline 0.003 -24"><span class='ocrx_word' id='word_1_30' title='bbox 201 771 488 857; x_wconf 29' lang='lat' dir='ltr'><strong>&amp;interutrasque</strong></span> <span class='ocrx_word' id='word_1_31' title='bbox 510 773 613 857; x_wconf 87' lang='lat' dir='ltr'><strong>igitur</strong></span> <span class='ocrx_word' id='word_1_32' title='bbox 634 794 708 836; x_wconf 91' lang='lat' dir='ltr'><strong>cum</strong></span> <span class='ocrx_word' id='word_1_33' title='bbox 730 771 812 836; x_wconf 88' lang='lat' dir='ltr'><strong>caeli</strong></span> <span class='ocrx_word' id='word_1_34' title='bbox 834 782 981 857; x_wconf 82' lang='lat' dir='ltr'><strong>tempora</strong></span> <span class='ocrx_word' id='word_1_35' title='bbox 1001 782 1159 849; x_wconf 87' lang='lat' dir='ltr'><strong>constant,</strong></span> 
     </span>
     <span class='ocr_line' id='line_1_7' title="bbox 246 848 1130 957; baseline 0.002 -19"><span class='ocrx_word' id='word_1_36' title='bbox 246 882 319 938; x_wconf 91' lang='lat' dir='ltr'><strong>tum</strong></span> <span class='ocrx_word' id='word_1_37' title='bbox 341 874 450 940; x_wconf 84' lang='lat' dir='ltr'><strong>variae</strong></span> <span class='ocrx_word' id='word_1_38' title='bbox 472 895 587 938; x_wconf 86' lang='lat' dir='ltr'><strong>causae</strong></span> <span class='ocrx_word' id='word_1_39' title='bbox 609 882 804 938; x_wconf 88' lang='lat' dir='ltr'><strong>concurrunt</strong></span> <span class='ocrx_word' id='word_1_40' title='bbox 827 873 972 938; x_wconf 78' lang='lat' dir='ltr'>fulminis</span> <span class='ocrx_word' id='word_1_41' title='bbox 994 848 1130 957; x_wconf 80' lang='lat' dir='ltr'><strong>omnesl</strong></span> 
     </span>
     <span class='ocr_line' id='line_1_8' title="bbox 246 975 1167 1062; baseline 0.002 -23"><span class='ocrx_word' id='word_1_42' title='bbox 246 997 322 1040; x_wconf 84' lang='lat' dir='ltr'><strong>nam</strong></span> <span class='ocrx_word' id='word_1_43' title='bbox 345 975 449 1040; x_wconf 83' lang='lat' dir='ltr'><strong>fretus</strong></span> <span class='ocrx_word' id='word_1_44' title='bbox 470 976 540 1061; x_wconf 89' lang='lat' dir='ltr'><strong>ipse</strong></span> <span class='ocrx_word' id='word_1_45' title='bbox 562 976 640 1038; x_wconf 85' lang='lat' dir='ltr'><strong>enni</strong></span> <span class='ocrx_word' id='word_1_46' title='bbox 661 975 835 1060; x_wconf 74' lang='lat' dir='ltr'>permiscet</span> <span class='ocrx_word' id='word_1_47' title='bbox 856 975 960 1062; x_wconf 84' lang='lat' dir='ltr'><strong>frigus</strong></span> <span class='ocrx_word' id='word_1_48' title='bbox 980 985 1010 1041; x_wconf 85' lang='lat' dir='ltr'><strong>et</strong></span> <span class='ocrx_word' id='word_1_49' title='bbox 1030 985 1167 1052; x_wconf 81' lang='lat' dir='ltr'><strong>aestum,</strong></span> 
     </span>
     <span class='ocr_line' id='line_1_9' title="bbox 207 1078 1366 1164; baseline 0.006 -25"><span class='ocrx_word' id='word_1_50' title='bbox 207 1101 383 1164; x_wconf 31' lang='lat' dir='ltr'><strong>*quorum</strong></span> <span class='ocrx_word' id='word_1_51' title='bbox 405 1087 580 1163; x_wconf 86' lang='lat' dir='ltr'><strong>utrumque</strong></span> <span class='ocrx_word' id='word_1_52' title='bbox 600 1100 681 1162; x_wconf 90' lang='lat' dir='ltr'><strong>opus</strong></span> <span class='ocrx_word' id='word_1_53' title='bbox 700 1087 751 1142; x_wconf 85' lang='lat' dir='ltr'><strong>est</strong></span> <span class='ocrx_word' id='word_1_54' title='bbox 771 1078 958 1143; x_wconf 83' lang='lat' dir='ltr'><strong>fabricanda</strong></span> <span class='ocrx_word' id='word_1_55' title='bbox 974 1081 1016 1144; x_wconf 83' lang='lat' dir='ltr'><strong>ad</strong></span> <span class='ocrx_word' id='word_1_56' title='bbox 1034 1081 1170 1145; x_wconf 83' lang='lat' dir='ltr'><strong>fulmina</strong></span> <span class='ocrx_word' id='word_1_57' title='bbox 1187 1080 1278 1157; x_wconf 89' lang='lat' dir='ltr'><strong>nubi,</strong></span> <span class='ocrx_word' id='word_1_58' title='bbox 1304 1083 1366 1163; x_wconf 81' lang='lat'><strong>365</strong></span> 
     </span>
     <span class='ocr_line' id='line_1_10' title="bbox 202 1180 1030 1266; baseline 0.001 -21"><span class='ocrx_word' id='word_1_59' title='bbox 202 1220 234 1236; x_wconf 46' lang='lat' dir='ltr'>s</span> <span class='ocrx_word' id='word_1_60' title='bbox 246 1190 285 1246; x_wconf 92' lang='lat' dir='ltr'><strong>ut</strong></span> <span class='ocrx_word' id='word_1_61' title='bbox 306 1180 465 1246; x_wconf 79' lang='lat' dir='ltr'><strong>discordia</strong></span> <span class='ocrx_word' id='word_1_62' title='bbox 486 1181 529 1245; x_wconf 82' lang='lat' dir='ltr'><strong>sit</strong></span> <span class='ocrx_word' id='word_1_63' title='bbox 550 1202 658 1244; x_wconf 88' lang='lat' dir='ltr'><strong>rerum</strong></span> <span class='ocrx_word' id='word_1_64' title='bbox 682 1202 861 1266; x_wconf 87' lang='lat' dir='ltr'><strong>magnoque</strong></span> <span class='ocrx_word' id='word_1_65' title='bbox 884 1182 1030 1246; x_wconf 90' lang='lat' dir='ltr'><strong>tumultu</strong></span> 
     </span>
     <span class='ocr_line' id='line_1_11' title="bbox 166 1259 1042 1388; baseline -0.005 -35"><span class='ocrx_word' id='word_1_66' title='bbox 166 1293 171 1353; x_wconf 76' lang='grc' dir='ltr'>ζ</span> <span class='ocrx_word' id='word_1_67' title='bbox 246 1285 378 1369; x_wconf 88' lang='lat' dir='ltr'><strong>ignibus</strong></span> <span class='ocrx_word' id='word_1_68' title='bbox 401 1296 436 1350; x_wconf 89' lang='lat' dir='ltr'><strong>et</strong></span> <span class='ocrx_word' id='word_1_69' title='bbox 458 1285 564 1350; x_wconf 91' lang='lat' dir='ltr'><strong>ventis</strong></span> <span class='ocrx_word' id='word_1_70' title='bbox 587 1284 780 1349; x_wconf 89' lang='lat' dir='ltr'><strong>furibundus</strong></span> <span class='ocrx_word' id='word_1_71' title='bbox 802 1284 940 1349; x_wconf 88' lang='lat' dir='ltr'><strong>fluctuet</strong></span> <span class='ocrx_word' id='word_1_72' title='bbox 961 1259 1042 1388; x_wconf 66' lang='lat' dir='ltr'><strong>eorl</strong></span> 
     </span>
     <span class='ocr_line' id='line_1_12' title="bbox 247 1387 1078 1473; baseline 0 -21"><span class='ocrx_word' id='word_1_73' title='bbox 247 1387 354 1473; x_wconf 90' lang='lat' dir='ltr'><strong>prima</strong></span> <span class='ocrx_word' id='word_1_74' title='bbox 374 1387 489 1452; x_wconf 86' lang='lat' dir='ltr'><strong>caloris</strong></span> <span class='ocrx_word' id='word_1_75' title='bbox 511 1387 598 1452; x_wconf 91' lang='lat' dir='ltr'><strong>enim</strong></span> <span class='ocrx_word' id='word_1_76' title='bbox 621 1409 695 1472; x_wconf 86' lang='lat' dir='ltr'><strong>pars</strong></span> <span class='ocrx_word' id='word_1_77' title='bbox 716 1396 751 1452; x_wconf 90' lang='lat' dir='ltr'><strong>et</strong></span> <span class='ocrx_word' id='word_1_78' title='bbox 773 1398 936 1472; x_wconf 89' lang='lat' dir='ltr'><strong>postrema</strong></span> <span class='ocrx_word' id='word_1_79' title='bbox 957 1389 1078 1473; x_wconf 89' lang='lat' dir='ltr'><strong>rigoris,</strong></span> 
     </span>
     <span class='ocr_line' id='line_1_13' title="bbox 216 1490 1164 1576; baseline 0 -22"><span class='ocrx_word' id='word_1_80' title='bbox 216 1498 380 1576; x_wconf 57' lang='lat' dir='ltr'><strong>xtempus</strong></span> <span class='ocrx_word' id='word_1_81' title='bbox 401 1490 435 1554; x_wconf 92' lang='lat' dir='ltr'><strong>id</strong></span> <span class='ocrx_word' id='word_1_82' title='bbox 459 1499 510 1555; x_wconf 90' lang='lat' dir='ltr'><strong>est</strong></span> <span class='ocrx_word' id='word_1_83' title='bbox 532 1512 685 1571; x_wconf 88' lang='lat' dir='ltr'><strong>vemum;</strong></span> <span class='ocrx_word' id='word_1_84' title='bbox 714 1512 819 1575; x_wconf 76' lang='lat' dir='ltr'><strong>quare¹</strong></span> <span class='ocrx_word' id='word_1_85' title='bbox 835 1511 980 1576; x_wconf 84' lang='lat' dir='ltr'><strong>pugnare</strong></span> <span class='ocrx_word' id='word_1_86' title='bbox 1002 1500 1164 1565; x_wconf 74' lang='lat' dir='ltr'><strong>necessest</strong></span> 
     </span>
     <span class='ocr_line' id='line_1_14' title="bbox 246 1570 1372 1692; baseline 0.003 -39"><span class='ocrx_word' id='word_1_87' title='bbox 246 1589 414 1654; x_wconf 87' lang='lat' dir='ltr'><strong>dissimilis</strong></span> <span class='ocrx_word' id='word_1_88' title='bbox 435 1602 487 1655; x_wconf 80' lang='lat' dir='ltr'><strong>&#39;rea</strong></span> <span class='ocrx_word' id='word_1_89' title='bbox 508 1579 595 1654; x_wconf 86' lang='lat' dir='ltr'><strong>inter</strong></span> <span class='ocrx_word' id='word_1_90' title='bbox 616 1611 651 1654; x_wconf 88' lang='lat' dir='ltr'><strong>ee</strong></span> <span class='ocrx_word' id='word_1_91' title='bbox 672 1589 867 1674; x_wconf 81' lang='lat' dir='ltr'><strong>turbareque</strong></span> <span class='ocrx_word' id='word_1_92' title='bbox 890 1570 1028 1692; x_wconf 59' lang='lat' dir='ltr'><strong>mixtas}</strong></span> <span class='ocrx_word' id='word_1_93' title='bbox 1306 1607 1372 1672; x_wconf 82' lang='lat'><strong>370</strong></span> 
     </span>
     <span class='ocr_line' id='line_1_15' title="bbox 249 1692 1085 1779; baseline 0 -21"><span class='ocrx_word' id='word_1_94' title='bbox 249 1702 284 1758; x_wconf 92' lang='lat' dir='ltr'><strong>et</strong></span> <span class='ocrx_word' id='word_1_95' title='bbox 305 1693 392 1759; x_wconf 86' lang='lat' dir='ltr'><strong>calor</strong></span> <span class='ocrx_word' id='word_1_96' title='bbox 413 1702 579 1758; x_wconf 85' lang='lat' dir='ltr'><strong>extremus</strong></span> <span class='ocrx_word' id='word_1_97' title='bbox 602 1693 800 1778; x_wconf 77' lang='lat' dir='ltr'><strong>primosum</strong></span> <span class='ocrx_word' id='word_1_98' title='bbox 823 1692 940 1779; x_wconf 84' lang='lat' dir='ltr'><strong>frigore</strong></span> <span class='ocrx_word' id='word_1_99' title='bbox 964 1693 1085 1758; x_wconf 86' lang='lat' dir='ltr'><strong>mixtus</strong></span> 
     </span>
     <span class='ocr_line' id='line_1_16' title="bbox 250 1794 1121 1881; baseline 0.003 -24"><span class='ocrx_word' id='word_1_100' title='bbox 250 1794 402 1872; x_wconf 86' lang='lat' dir='ltr'><strong>volvitur,</strong></span> <span class='ocrx_word' id='word_1_101' title='bbox 424 1795 577 1860; x_wconf 84' lang='lat' dir='ltr'><strong>autumni</strong></span> <span class='ocrx_word' id='word_1_102' title='bbox 598 1795 684 1881; x_wconf 91' lang='lat' dir='ltr'><strong>quod</strong></span> <span class='ocrx_word' id='word_1_103' title='bbox 706 1796 809 1859; x_wconf 89' lang='lat' dir='ltr'><strong>fertur</strong></span> <span class='ocrx_word' id='word_1_104' title='bbox 830 1795 960 1860; x_wconf 91' lang='lat' dir='ltr'><strong>nomine</strong></span> <span class='ocrx_word' id='word_1_105' title='bbox 982 1803 1121 1880; x_wconf 70' lang='lat' dir='ltr'><strong>tempus</strong></span> 
     </span>
     <span class='ocr_line' id='line_1_17' title="bbox 205 1873 1132 1986; baseline 0.002 -24"><span class='ocrx_word' id='word_1_106' title='bbox 205 1926 237 1939; x_wconf 52' lang='grc'><strong>“</strong></span> <span class='ocrx_word' id='word_1_107' title='bbox 250 1898 303 1963; x_wconf 93' lang='lat' dir='ltr'><strong>hic</strong></span> <span class='ocrx_word' id='word_1_108' title='bbox 325 1921 453 1985; x_wconf 90' lang='lat' dir='ltr'><strong>quoque</strong></span> <span class='ocrx_word' id='word_1_109' title='bbox 476 1899 655 1986; x_wconf 84' lang='lat' dir='ltr'><strong>confligunt</strong></span> <span class='ocrx_word' id='word_1_110' title='bbox 678 1890 800 1964; x_wconf 83' lang='lat' dir='ltr'><strong>hiemes</strong></span> <span class='ocrx_word' id='word_1_111' title='bbox 821 1900 1000 1964; x_wconf 88' lang='lat' dir='ltr'><strong>aestatibus</strong></span> <span class='ocrx_word' id='word_1_112' title='bbox 1021 1873 1132 1981; x_wconf 79' lang='lat' dir='ltr'><strong>aeresl</strong></span> 
     </span>
     <span class='ocr_line' id='line_1_18' title="bbox 202 2002 1083 2088; baseline -0.002 -20"><span class='ocrx_word' id='word_1_113' title='bbox 202 2010 422 2087; x_wconf 32' lang='lat' dir='ltr'><strong>*propterea</strong></span> <span class='ocrx_word' id='word_1_114' title='bbox 436 2002 630 2088; x_wconf 77' lang='lat' dir='ltr'><strong>fretasunt</strong></span> <span class='ocrx_word' id='word_1_115' title='bbox 653 2002 731 2067; x_wconf 87' lang='lat' dir='ltr'><strong>haec</strong></span> <span class='ocrx_word' id='word_1_116' title='bbox 752 2003 829 2067; x_wconf 91' lang='lat' dir='ltr'><strong>anni</strong></span> <span class='ocrx_word' id='word_1_117' title='bbox 851 2003 1083 2080; x_wconf 85' lang='lat' dir='ltr'><strong>nominitanda,</strong></span> 
     </span>
     <span class='ocr_line' id='line_1_19' title="bbox 220 2106 1371 2192; baseline 0 -22"><span class='ocrx_word' id='word_1_118' title='bbox 220 2128 309 2171; x_wconf 48' lang='lat' dir='ltr'><strong>xnec</strong></span> <span class='ocrx_word' id='word_1_119' title='bbox 331 2106 492 2184; x_wconf 90' lang='lat' dir='ltr'><strong>mirumst,</strong></span> <span class='ocrx_word' id='word_1_120' title='bbox 514 2107 549 2171; x_wconf 93' lang='lat' dir='ltr'><strong>in</strong></span> <span class='ocrx_word' id='word_1_121' title='bbox 571 2128 609 2172; x_wconf 90' lang='lat' dir='ltr'><strong>eo</strong></span> <span class='ocrx_word' id='word_1_122' title='bbox 631 2107 659 2171; x_wconf 87' lang='lat' dir='ltr'><strong>si</strong></span> <span class='ocrx_word' id='word_1_123' title='bbox 680 2115 825 2192; x_wconf 90' lang='lat' dir='ltr'><strong>tempore</strong></span> <span class='ocrx_word' id='word_1_124' title='bbox 847 2107 986 2191; x_wconf 87' lang='lat' dir='ltr'><strong>plurima</strong></span> <span class='ocrx_word' id='word_1_125' title='bbox 1007 2106 1093 2170; x_wconf 92' lang='lat' dir='ltr'><strong>fiunt</strong></span> <span class='ocrx_word' id='word_1_126' title='bbox 1308 2122 1371 2190; x_wconf 83' lang='lat'><strong>375</strong></span> 
     </span>
     <span class='ocr_line' id='line_1_20' title="bbox 251 2209 1046 2296; baseline 0 -23"><span class='ocrx_word' id='word_1_127' title='bbox 251 2209 389 2274; x_wconf 90' lang='lat' dir='ltr'><strong>fulmina</strong></span> <span class='ocrx_word' id='word_1_128' title='bbox 410 2219 653 2296; x_wconf 82' lang='lat' dir='ltr'><strong>tempestasque</strong></span> <span class='ocrx_word' id='word_1_129' title='bbox 675 2211 778 2275; x_wconf 81' lang='lat' dir='ltr'><strong>cietur</strong></span> <span class='ocrx_word' id='word_1_130' title='bbox 800 2209 931 2274; x_wconf 86' lang='lat' dir='ltr'><strong>turbida</strong></span> <span class='ocrx_word' id='word_1_131' title='bbox 951 2209 1046 2287; x_wconf 84' lang='lat' dir='ltr'><strong>caelo,</strong></span> 
     </span>
     <span class='ocr_line' id='line_1_21' title="bbox 249 2312 1036 2398; baseline 0.001 -22"><span class='ocrx_word' id='word_1_132' title='bbox 249 2312 387 2398; x_wconf 88' lang='lat' dir='ltr'><strong>ancipiti</strong></span> <span class='ocrx_word' id='word_1_133' title='bbox 408 2314 563 2398; x_wconf 87' lang='lat' dir='ltr'><strong>quoniam</strong></span> <span class='ocrx_word' id='word_1_134' title='bbox 585 2313 669 2378; x_wconf 91' lang='lat' dir='ltr'><strong>bello</strong></span> <span class='ocrx_word' id='word_1_135' title='bbox 691 2312 842 2377; x_wconf 87' lang='lat' dir='ltr'><strong>turbatur</strong></span> <span class='ocrx_word' id='word_1_136' title='bbox 864 2314 1036 2398; x_wconf 88' lang='lat' dir='ltr'><strong>utrimque,</strong></span> 
     </span>
     <span class='ocr_line' id='line_1_22' title="bbox 251 2384 1071 2532; baseline 0 -53"><span class='ocrx_word' id='word_1_137' title='bbox 251 2415 327 2498; x_wconf 84' lang='lat' dir='ltr'><strong>hinc</strong></span> <span class='ocrx_word' id='word_1_138' title='bbox 350 2416 490 2481; x_wconf 86' lang='lat' dir='ltr'><strong>flammis</strong></span> <span class='ocrx_word' id='word_1_139' title='bbox 512 2416 602 2480; x_wconf 89' lang='lat' dir='ltr'><strong>illinc</strong></span> <span class='ocrx_word' id='word_1_140' title='bbox 625 2415 731 2480; x_wconf 89' lang='lat' dir='ltr'><strong>ventis</strong></span> <span class='ocrx_word' id='word_1_141' title='bbox 753 2437 928 2500; x_wconf 89' lang='lat' dir='ltr'><strong>umoreque</strong></span> <span class='ocrx_word' id='word_1_142' title='bbox 950 2384 1071 2532; x_wconf 51' lang='lat' dir='ltr'><strong>mixto!</strong></span> 
     </span>
     <span class='ocr_line' id='line_1_23' title="bbox 298 2519 1060 2607; baseline -0.001 -24"><span class='ocrx_word' id='word_1_143' title='bbox 298 2519 370 2583; x_wconf 91' lang='lat' dir='ltr'><strong>Hoc</strong></span> <span class='ocrx_word' id='word_1_144' title='bbox 392 2529 443 2585; x_wconf 89' lang='lat' dir='ltr'><strong>est</strong></span> <span class='ocrx_word' id='word_1_145' title='bbox 466 2519 596 2607; x_wconf 84' lang='lat' dir='ltr'><strong>igniferi</strong></span> <span class='ocrx_word' id='word_1_146' title='bbox 617 2528 767 2589; x_wconf 87' lang='lat' dir='ltr'><strong>naturam</strong></span> <span class='ocrx_word' id='word_1_147' title='bbox 790 2519 935 2583; x_wconf 87' lang='lat' dir='ltr'><strong>fulminis</strong></span> <span class='ocrx_word' id='word_1_148' title='bbox 957 2519 1060 2604; x_wconf 90' lang='lat' dir='ltr'><strong>ipsam</strong></span> 
     </span>
     <span class='ocr_line' id='line_1_24' title="bbox 252 2620 1377 2707; baseline 0.001 -21"><span class='ocrx_word' id='word_1_149' title='bbox 252 2620 435 2707; x_wconf 86' lang='lat' dir='ltr'><strong>perspicere</strong></span> <span class='ocrx_word' id='word_1_150' title='bbox 458 2632 580 2706; x_wconf 86' lang='lat' dir='ltr'><strong>etqua</strong></span> <span class='ocrx_word' id='word_1_151' title='bbox 601 2621 635 2685; x_wconf 89' lang='lat' dir='ltr'><strong>vi</strong></span> <span class='ocrx_word' id='word_1_152' title='bbox 657 2621 753 2685; x_wconf 85' lang='lat' dir='ltr'><strong>faciat</strong></span> <span class='ocrx_word' id='word_1_153' title='bbox 776 2643 843 2685; x_wconf 87' lang='lat' dir='ltr'><strong>rem</strong></span> <span class='ocrx_word' id='word_1_154' title='bbox 866 2623 1027 2707; x_wconf 88' lang='lat' dir='ltr'><strong>quamque</strong></span> <span class='ocrx_word' id='word_1_155' title='bbox 1049 2621 1167 2697; x_wconf 87' lang='lat' dir='ltr'><strong>videre,</strong></span> <span class='ocrx_word' id='word_1_156' title='bbox 1310 2624 1377 2704; x_wconf 88' lang='lat'><strong>380</strong></span> 
     </span>
     <span class='ocr_line' id='line_1_25' title="bbox 251 2725 1124 2811; baseline -0.001 -22"><span class='ocrx_word' id='word_1_157' title='bbox 251 2748 315 2790; x_wconf 90' lang='lat' dir='ltr'><strong>non</strong></span> <span class='ocrx_word' id='word_1_158' title='bbox 339 2726 507 2811; x_wconf 87' lang='lat' dir='ltr'><strong>Tyrrhena</strong></span> <span class='ocrx_word' id='word_1_159' title='bbox 527 2736 613 2789; x_wconf 82' lang='lat' dir='ltr'><strong>retro</strong></span> <span class='ocrx_word' id='word_1_160' title='bbox 637 2725 984 2796; x_wconf 83' lang='lat' dir='ltr'><strong>volventemcarmina</strong></span> <span class='ocrx_word' id='word_1_161' title='bbox 1005 2726 1124 2789; x_wconf 88' lang='lat' dir='ltr'><strong>frustra</strong></span> 
     </span>
     <span class='ocr_line' id='line_1_26' title="bbox 216 2827 1028 2912; baseline 0 -20"><span class='ocrx_word' id='word_1_162' title='bbox 216 2827 373 2904; x_wconf 65' lang='lat' dir='ltr'><strong>&gt;lindiche</strong></span> <span class='ocrx_word' id='word_1_163' title='bbox 394 2828 539 2892; x_wconf 87' lang='lat' dir='ltr'><strong>occultae</strong></span> <span class='ocrx_word' id='word_1_164' title='bbox 560 2827 673 2891; x_wconf 89' lang='lat' dir='ltr'><strong>divum</strong></span> <span class='ocrx_word' id='word_1_165' title='bbox 696 2829 879 2912; x_wconf 89' lang='lat' dir='ltr'><strong>perquirere</strong></span> <span class='ocrx_word' id='word_1_166' title='bbox 901 2828 1028 2905; x_wconf 89' lang='lat' dir='ltr'><strong>mentis,</strong></span> 
     </span>
     <span class='ocr_line' id='line_1_27' title="bbox 251 2931 1110 3016; baseline -0.001 -21"><span class='ocrx_word' id='word_1_167' title='bbox 251 2932 338 2995; x_wconf 90' lang='lat' dir='ltr'><strong>unde</strong></span> <span class='ocrx_word' id='word_1_168' title='bbox 362 2931 474 2996; x_wconf 86' lang='lat' dir='ltr'><strong>volans</strong></span> <span class='ocrx_word' id='word_1_169' title='bbox 496 2931 582 3016; x_wconf 85' lang='lat' dir='ltr'><strong>ignis</strong></span> <span class='ocrx_word' id='word_1_170' title='bbox 603 2931 786 3015; x_wconf 88' lang='lat' dir='ltr'><strong>pervenerit</strong></span> <span class='ocrx_word' id='word_1_171' title='bbox 808 2938 867 2994; x_wconf 88' lang='lat' dir='ltr'><strong>aut</strong></span> <span class='ocrx_word' id='word_1_172' title='bbox 889 2931 1052 2995; x_wconf 88' lang='lat' dir='ltr'><strong>in-utram</strong></span> <span class='ocrx_word' id='word_1_173' title='bbox 1076 2953 1110 2995; x_wconf 85' lang='lat' dir='ltr'><strong>se</strong></span> 
     </span>
     <span class='ocr_line' id='line_1_28' title="bbox 254 3033 1145 3120; baseline 0.001 -23"><span class='ocrx_word' id='word_1_174' title='bbox 254 3034 390 3099; x_wconf 89' lang='lat' dir='ltr'><strong>verterit</strong></span> <span class='ocrx_word' id='word_1_175' title='bbox 413 3033 488 3097; x_wconf 86' lang='lat' dir='ltr'><strong>hinc</strong></span> <span class='ocrx_word' id='word_1_176' title='bbox 511 3033 640 3118; x_wconf 88' lang='lat' dir='ltr'><strong>partim,</strong></span> <span class='ocrx_word' id='word_1_177' title='bbox 662 3057 725 3119; x_wconf 92' lang='lat' dir='ltr'><strong>quo</strong></span> <span class='ocrx_word' id='word_1_178' title='bbox 747 3043 842 3119; x_wconf 84' lang='lat' dir='ltr'><strong>pacto</strong></span> <span class='ocrx_word' id='word_1_179' title='bbox 864 3057 922 3119; x_wconf 92' lang='lat' dir='ltr'><strong>per</strong></span> <span class='ocrx_word' id='word_1_180' title='bbox 943 3035 1012 3098; x_wconf 90' lang='lat' dir='ltr'><strong>loca</strong></span> <span class='ocrx_word' id='word_1_181' title='bbox 1032 3044 1145 3120; x_wconf 85' lang='lat' dir='ltr'><strong>saepta</strong></span> 
     </span>
     <span class='ocr_line' id='line_1_29' title="bbox 252 3132 1372 3220; baseline 0.002 -19"><span class='ocrx_word' id='word_1_182' title='bbox 252 3132 434 3214; x_wconf 79' lang='lat' dir='ltr'><strong>insinuarit,</strong></span> <span class='ocrx_word' id='word_1_183' title='bbox 457 3147 491 3202; x_wconf 88' lang='lat' dir='ltr'><strong>et</strong></span> <span class='ocrx_word' id='word_1_184' title='bbox 514 3138 589 3201; x_wconf 91' lang='lat' dir='ltr'><strong>hinc</strong></span> <span class='ocrx_word' id='word_1_185' title='bbox 611 3137 795 3202; x_wconf 89' lang='lat' dir='ltr'><strong>dominatus</strong></span> <span class='ocrx_word' id='word_1_186' title='bbox 819 3151 856 3202; x_wconf 90' lang='lat' dir='ltr'><strong>ut</strong></span> <span class='ocrx_word' id='word_1_187' title='bbox 879 3138 1033 3202; x_wconf 85' lang='lat' dir='ltr'><strong>extulerit</strong></span> <span class='ocrx_word' id='word_1_188' title='bbox 1055 3160 1098 3215; x_wconf 90' lang='lat' dir='ltr'><strong>se,</strong></span> <span class='ocrx_word' id='word_1_189' title='bbox 1310 3141 1372 3220; x_wconf 85' lang='lat'><strong>385</strong></span> 
     </span>
     <span class='ocr_line' id='line_1_30' title="bbox 253 3241 1083 3326; baseline -0.001 -21"><span class='ocrx_word' id='word_1_190' title='bbox 253 3241 372 3326; x_wconf 90' lang='lat' dir='ltr'><strong>quidve</strong></span> <span class='ocrx_word' id='word_1_191' title='bbox 395 3262 507 3305; x_wconf 88' lang='lat' dir='ltr'><strong>nocere</strong></span> <span class='ocrx_word' id='word_1_192' title='bbox 531 3248 629 3326; x_wconf 82' lang='lat' dir='ltr'><strong>queat</strong></span> <span class='ocrx_word' id='word_1_193' title='bbox 652 3241 692 3305; x_wconf 92' lang='lat' dir='ltr'><strong>de</strong></span> <span class='ocrx_word' id='word_1_194' title='bbox 714 3241 801 3306; x_wconf 85' lang='lat' dir='ltr'><strong>eaelo</strong></span> <span class='ocrx_word' id='word_1_195' title='bbox 822 3241 968 3305; x_wconf 88' lang='lat' dir='ltr'><strong>fulminis</strong></span> <span class='ocrx_word' id='word_1_196' title='bbox 991 3241 1083 3305; x_wconf 86' lang='lat' dir='ltr'><strong>ictus.</strong></span> 
     </span>
    </p>
   </div>
   <div class='ocr_carea' id='block_1_3' title="bbox 101 3443 1426 4416">
    <p class='ocr_par' dir='ltr' id='par_1_3' title="bbox 101 3443 1339 3515">
     <span class='ocr_line' id='line_1_31' title="bbox 101 3443 1339 3515; baseline 0.002 -16"><span class='ocrx_word' id='word_1_197' title='bbox 101 3472 106 3482; x_wconf 94' lang='lat'><em>·</em></span> <span class='ocrx_word' id='word_1_198' title='bbox 167 3450 232 3499; x_wconf 82' lang='lat' dir='ltr'><strong>ulta.</strong></span> <span class='ocrx_word' id='word_1_199' title='bbox 332 3443 416 3501; x_wconf 72' lang='lat' dir='ltr'><strong>35er</strong></span> <span class='ocrx_word' id='word_1_200' title='bbox 428 3451 494 3498; x_wconf 69' lang='lat' dir='ltr'><strong>veris</strong></span> <span class='ocrx_word' id='word_1_201' title='bbox 506 3449 575 3499; x_wconf 82' lang='lat' dir='ltr'><strong>Flor.</strong></span> <span class='ocrx_word' id='word_1_202' title='bbox 587 3451 619 3498; x_wconf 91' lang='grc'>31</span> <span class='ocrx_word' id='word_1_203' title='bbox 631 3450 721 3499; x_wconf 83' lang='lat' dir='ltr'><strong>Camb.</strong></span> <span class='ocrx_word' id='word_1_204' title='bbox 734 3450 798 3499; x_wconf 86' lang='lat' dir='ltr'><strong>Mar.</strong></span> <span class='ocrx_word' id='word_1_205' title='bbox 810 3454 859 3499; x_wconf 88' lang='lat' dir='ltr'><strong>eto.</strong></span> <span class='ocrx_word' id='word_1_206' title='bbox 871 3449 992 3515; x_wconf 72' lang='lat' dir='ltr'><strong>ferreria.</strong></span> <span class='ocrx_word' id='word_1_207' title='bbox 1027 3451 1090 3498; x_wconf 78' lang='lat' dir='ltr'><strong>serie</strong></span> <span class='ocrx_word' id='word_1_208' title='bbox 1103 3449 1187 3514; x_wconf 78' lang='lat' dir='ltr'><strong>(oeric)</strong></span> <span class='ocrx_word' id='word_1_209' title='bbox 1201 3447 1259 3498; x_wconf 90' lang='lat' dir='ltr'><strong>Ver.</strong></span> <span class='ocrx_word' id='word_1_210' title='bbox 1274 3449 1339 3501; x_wconf 84' lang='lat' dir='ltr'><strong>Ven.</strong></span> 
     </span>
    </p>

    <p class='ocr_par' dir='ltr' id='par_1_4' title="bbox 168 3531 1426 3921">
     <span class='ocr_line' id='line_1_32' title="bbox 200 3531 1376 3595; baseline 0.002 -13"><span class='ocrx_word' id='word_1_211' title='bbox 200 3531 248 3583; x_wconf 90' lang='grc'>360</span> <span class='ocrx_word' id='word_1_212' title='bbox 259 3534 342 3582; x_wconf 80' lang='lat' dir='ltr'><strong>colore</strong></span> <span class='ocrx_word' id='word_1_213' title='bbox 353 3532 419 3584; x_wconf 82' lang='lat' dir='ltr'><strong>Mer.</strong></span> <span class='ocrx_word' id='word_1_214' title='bbox 430 3547 473 3595; x_wconf 84' lang='lat' dir='ltr'><strong>ep.</strong></span> <span class='ocrx_word' id='word_1_215' title='bbox 485 3532 582 3582; x_wconf 88' lang='lat' dir='ltr'><strong>Victor.</strong></span> <span class='ocrx_word' id='word_1_216' title='bbox 594 3532 622 3581; x_wconf 91' lang='lat' dir='ltr'><strong>in</strong></span> <span class='ocrx_word' id='word_1_217' title='bbox 633 3533 673 3583; x_wconf 88' lang='lat' dir='ltr'><strong>ed.</strong></span> <span class='ocrx_word' id='word_1_218' title='bbox 686 3533 749 3585; x_wconf 80' lang='lat' dir='ltr'><strong>Van.</strong></span> <span class='ocrx_word' id='word_1_219' title='bbox 763 3534 821 3583; x_wconf 82' lang='lat' dir='ltr'><strong>Ald.</strong></span> <span class='ocrx_word' id='word_1_220' title='bbox 834 3535 847 3582; x_wconf 95' lang='grc'>1</span> <span class='ocrx_word' id='word_1_221' title='bbox 860 3533 933 3582; x_wconf 83' lang='lat' dir='ltr'><strong>Junt.</strong></span> <span class='ocrx_word' id='word_1_222' title='bbox 946 3533 986 3582; x_wconf 83' lang='lat' dir='ltr'><strong>for</strong></span> <span class='ocrx_word' id='word_1_223' title='bbox 996 3535 1098 3582; x_wconf 83' lang='lat' dir='ltr'><strong>colores.</strong></span> <span class='ocrx_word' id='word_1_224' title='bbox 1214 3533 1263 3582; x_wconf 81' lang='lat'><strong>362</strong></span> <span class='ocrx_word' id='word_1_225' title='bbox 1276 3535 1376 3584; x_wconf 78' lang='lat' dir='ltr'><strong>Intem-</strong></span> 
     </span>
     <span class='ocr_line' id='line_1_33' title="bbox 168 3613 1378 3677; baseline 0.002 -14"><span class='ocrx_word' id='word_1_226' title='bbox 168 3620 278 3676; x_wconf 79' lang='lat' dir='ltr'><strong>trceqae.</strong></span> <span class='ocrx_word' id='word_1_227' title='bbox 314 3616 490 3677; x_wconf 69' lang='lat' dir='ltr'><strong>laterumque</strong></span> <span class='ocrx_word' id='word_1_228' title='bbox 507 3613 587 3663; x_wconf 79' lang='lat' dir='ltr'><strong>Isech.</strong></span> <span class='ocrx_word' id='word_1_229' title='bbox 701 3615 749 3664; x_wconf 83' lang='grc'><strong>364</strong></span> <span class='ocrx_word' id='word_1_230' title='bbox 766 3623 790 3664; x_wconf 84' lang='lat' dir='ltr'><strong>et</strong></span> <span class='ocrx_word' id='word_1_231' title='bbox 807 3613 890 3664; x_wconf 84' lang='lat' dir='ltr'><strong>added</strong></span> <span class='ocrx_word' id='word_1_232' title='bbox 907 3614 941 3677; x_wconf 85' lang='lat' dir='ltr'><strong>by</strong></span> <span class='ocrx_word' id='word_1_233' title='bbox 957 3613 1022 3663; x_wconf 82' lang='lat' dir='ltr'><strong>Mer.</strong></span> <span class='ocrx_word' id='word_1_234' title='bbox 1043 3613 1118 3663; x_wconf 82' lang='lat' dir='ltr'><strong>Junt.</strong></span> <span class='ocrx_word' id='word_1_235' title='bbox 1147 3615 1262 3676; x_wconf 73' lang='lat' dir='ltr'><strong>sripidue</strong></span> <span class='ocrx_word' id='word_1_236' title='bbox 1279 3624 1378 3667; x_wconf 75' lang='lat' dir='ltr'><strong>aestum</strong></span> 
     </span>
     <span class='ocr_line' id='line_1_34' title="bbox 168 3694 1426 3747; baseline -0.001 -3"><span class='ocrx_word' id='word_1_237' title='bbox 168 3694 238 3745; x_wconf 85' lang='lat' dir='ltr'><strong>Nico.</strong></span> <span class='ocrx_word' id='word_1_238' title='bbox 256 3698 283 3743; x_wconf 80' lang='lat' dir='ltr'><strong>to</strong></span> <span class='ocrx_word' id='word_1_239' title='bbox 299 3696 396 3747; x_wconf 81' lang='lat' dir='ltr'><strong>Avenn.</strong></span> <span class='ocrx_word' id='word_1_240' title='bbox 433 3697 468 3744; x_wconf 84' lang='lat' dir='ltr'><strong>ad</strong></span> <span class='ocrx_word' id='word_1_241' title='bbox 479 3705 574 3745; x_wconf 80' lang='lat' dir='ltr'><strong>aestum</strong></span> <span class='ocrx_word' id='word_1_242' title='bbox 584 3695 693 3745; x_wconf 86' lang='lat' dir='ltr'><strong>Nonius.</strong></span> <span class='ocrx_word' id='word_1_243' title='bbox 824 3695 872 3746; x_wconf 88' lang='grc'>365</span> <span class='ocrx_word' id='word_1_244' title='bbox 883 3697 945 3744; x_wconf 77' lang='lat' dir='ltr'><strong>euti</strong></span> <span class='ocrx_word' id='word_1_245' title='bbox 956 3694 1036 3743; x_wconf 87' lang='lat' dir='ltr'><strong>Lech.</strong></span> <span class='ocrx_word' id='word_1_246' title='bbox 1048 3695 1089 3743; x_wconf 84' lang='lat' dir='ltr'><strong>for</strong></span> <span class='ocrx_word' id='word_1_247' title='bbox 1099 3697 1171 3744; x_wconf 75' lang='lat' dir='ltr'><strong>nobie</strong></span> <span class='ocrx_word' id='word_1_248' title='bbox 1182 3695 1267 3744; x_wconf 84' lang='lat' dir='ltr'><strong>which</strong></span> <span class='ocrx_word' id='word_1_249' title='bbox 1279 3695 1328 3746; x_wconf 85' lang='lat' dir='ltr'><strong>hae</strong></span> <span class='ocrx_word' id='word_1_250' title='bbox 1340 3712 1377 3747; x_wconf 88' lang='lat' dir='ltr'><strong>no</strong></span> <span class='ocrx_word' id='word_1_251' title='bbox 1424 3739 1426 3743; x_wconf 91' lang='lat'>.</span> 
     </span>
     <span class='ocr_line' id='line_1_35' title="bbox 168 3776 1377 3839; baseline 0.002 -12"><span class='ocrx_word' id='word_1_252' title='bbox 168 3791 249 3828; x_wconf 80' lang='lat' dir='ltr'><strong>sense</strong></span> <span class='ocrx_word' id='word_1_253' title='bbox 376 3778 425 3829; x_wconf 89' lang='grc'>366</span> <span class='ocrx_word' id='word_1_254' title='bbox 435 3781 470 3828; x_wconf 79' lang='lat' dir='ltr'><strong>eit</strong></span> <span class='ocrx_word' id='word_1_255' title='bbox 482 3777 564 3828; x_wconf 82' lang='lat' dir='ltr'><strong>added</strong></span> <span class='ocrx_word' id='word_1_256' title='bbox 575 3777 609 3839; x_wconf 83' lang='lat' dir='ltr'><strong>by</strong></span> <span class='ocrx_word' id='word_1_257' title='bbox 620 3777 685 3826; x_wconf 87' lang='lat' dir='ltr'><strong>Mar.</strong></span> <span class='ocrx_word' id='word_1_258' title='bbox 697 3776 755 3826; x_wconf 82' lang='lat' dir='ltr'><strong>Ald.</strong></span> <span class='ocrx_word' id='word_1_259' title='bbox 769 3780 782 3825; x_wconf 96' lang='lat'>1</span> <span class='ocrx_word' id='word_1_260' title='bbox 795 3777 868 3827; x_wconf 79' lang='lat' dir='ltr'><strong>Junt.</strong></span> <span class='ocrx_word' id='word_1_261' title='bbox 903 3780 940 3827; x_wconf 80' lang='lat' dir='ltr'><strong>ric</strong></span> <span class='ocrx_word' id='word_1_262' title='bbox 952 3777 1020 3826; x_wconf 86' lang='lat' dir='ltr'><strong>Flor.</strong></span> <span class='ocrx_word' id='word_1_263' title='bbox 1032 3779 1063 3826; x_wconf 90' lang='grc'>31</span> <span class='ocrx_word' id='word_1_264' title='bbox 1075 3777 1165 3827; x_wconf 81' lang='lat' dir='ltr'><strong>Oemb.</strong></span> <span class='ocrx_word' id='word_1_265' title='bbox 1282 3778 1331 3827; x_wconf 87' lang='grc'>363</span> <span class='ocrx_word' id='word_1_266' title='bbox 1343 3788 1377 3839; x_wconf 84' lang='lat' dir='ltr'><strong>et,</strong></span> 
     </span>
     <span class='ocr_line' id='line_1_36' title="bbox 168 3857 1276 3921; baseline -0.001 -13"><span class='ocrx_word' id='word_1_267' title='bbox 168 3861 260 3921; x_wconf 71' lang='lat' dir='ltr'><strong>ripario</strong></span> <span class='ocrx_word' id='word_1_268' title='bbox 272 3857 337 3910; x_wconf 84' lang='lat' dir='ltr'><strong>Mer.</strong></span> <span class='ocrx_word' id='word_1_269' title='bbox 352 3858 426 3909; x_wconf 90' lang='lat' dir='ltr'><strong>Junt.</strong></span> <span class='ocrx_word' id='word_1_270' title='bbox 437 3859 507 3920; x_wconf 76' lang='lat' dir='ltr'><strong>vulg.</strong></span> <span class='ocrx_word' id='word_1_271' title='bbox 520 3858 615 3919; x_wconf 79' lang='lat' dir='ltr'><strong>forest,</strong></span> <span class='ocrx_word' id='word_1_272' title='bbox 631 3860 726 3920; x_wconf 74' lang='lat' dir='ltr'><strong>liporie.</strong></span> <span class='ocrx_word' id='word_1_273' title='bbox 759 3857 839 3907; x_wconf 86' lang='lat' dir='ltr'><strong>Lech.</strong></span> <span class='ocrx_word' id='word_1_274' title='bbox 851 3857 929 3921; x_wconf 83' lang='lat' dir='ltr'><strong>keeps</strong></span> <span class='ocrx_word' id='word_1_275' title='bbox 941 3865 984 3918; x_wconf 80' lang='lat' dir='ltr'><strong>eet,</strong></span> <span class='ocrx_word' id='word_1_276' title='bbox 998 3857 1051 3906; x_wconf 85' lang='lat' dir='ltr'><strong>end</strong></span> <span class='ocrx_word' id='word_1_277' title='bbox 1062 3858 1101 3907; x_wconf 86' lang='lat' dir='ltr'><strong>for</strong></span> <span class='ocrx_word' id='word_1_278' title='bbox 1113 3860 1142 3907; x_wconf 75' lang='lat' dir='ltr'><strong>id</strong></span> <span class='ocrx_word' id='word_1_279' title='bbox 1152 3857 1227 3908; x_wconf 84' lang='lat' dir='ltr'><strong>reads</strong></span> <span class='ocrx_word' id='word_1_280' title='bbox 1237 3866 1276 3908; x_wconf 81' lang='lat' dir='ltr'><strong>ut.</strong></span> 
     </span>
    </p>

    <p class='ocr_par' dir='ltr' id='par_1_5' title="bbox 166 3938 1379 4320">
     <span class='ocr_line' id='line_1_37' title="bbox 201 3938 1378 3992; baseline 0.002 -3"><span class='ocrx_word' id='word_1_281' title='bbox 201 3941 250 3992; x_wconf 87' lang='grc'>370</span> <span class='ocrx_word' id='word_1_282' title='bbox 265 3954 305 3989; x_wconf 79' lang='lat' dir='ltr'><strong>ree</strong></span> <span class='ocrx_word' id='word_1_283' title='bbox 323 3942 392 3990; x_wconf 77' lang='lat' dir='ltr'><strong>inter</strong></span> <span class='ocrx_word' id='word_1_284' title='bbox 408 3955 434 3989; x_wconf 80' lang='lat' dir='ltr'><strong>ee</strong></span> <span class='ocrx_word' id='word_1_285' title='bbox 451 3939 520 3988; x_wconf 82' lang='lat' dir='ltr'><strong>Flor.</strong></span> <span class='ocrx_word' id='word_1_286' title='bbox 533 3941 563 3988; x_wconf 91' lang='grc'>31</span> <span class='ocrx_word' id='word_1_287' title='bbox 576 3938 665 3988; x_wconf 82' lang='lat' dir='ltr'><strong>Oemh.</strong></span> <span class='ocrx_word' id='word_1_288' title='bbox 678 3941 693 3987; x_wconf 83' lang='lat'><strong>3</strong></span> <span class='ocrx_word' id='word_1_289' title='bbox 707 3939 766 3988; x_wconf 83' lang='lat' dir='ltr'><strong>Vet.</strong></span> <span class='ocrx_word' id='word_1_290' title='bbox 779 3939 819 3988; x_wconf 85' lang='lat' dir='ltr'><strong>for</strong></span> <span class='ocrx_word' id='word_1_291' title='bbox 833 3941 901 3988; x_wconf 79' lang='lat' dir='ltr'><strong>inter</strong></span> <span class='ocrx_word' id='word_1_292' title='bbox 915 3953 949 3989; x_wconf 81' lang='lat' dir='ltr'><strong>ee.</strong></span> <span class='ocrx_word' id='word_1_293' title='bbox 984 3941 1052 3988; x_wconf 76' lang='lat' dir='ltr'><strong>inter</strong></span> <span class='ocrx_word' id='word_1_294' title='bbox 1065 3954 1090 3988; x_wconf 78' lang='lat' dir='ltr'><strong>se</strong></span> <span class='ocrx_word' id='word_1_295' title='bbox 1106 3954 1146 3988; x_wconf 77' lang='lat' dir='ltr'><strong>ree</strong></span> <span class='ocrx_word' id='word_1_296' title='bbox 1160 3938 1219 3989; x_wconf 81' lang='lat' dir='ltr'><strong>Ver.</strong></span> <span class='ocrx_word' id='word_1_297' title='bbox 1231 3938 1295 3990; x_wconf 85' lang='lat' dir='ltr'><strong>Ven.</strong></span> <span class='ocrx_word' id='word_1_298' title='bbox 1310 3939 1378 3992; x_wconf 78' lang='lat' dir='ltr'><strong>Mar.</strong></span> 
     </span>
     <span class='ocr_line' id='line_1_38' title="bbox 169 4019 1379 4089; baseline 0.004 -19"><span class='ocrx_word' id='word_1_299' title='bbox 169 4021 236 4084; x_wconf 77' lang='lat' dir='ltr'><strong>vulg.</strong></span> <span class='ocrx_word' id='word_1_300' title='bbox 248 4019 330 4070; x_wconf 79' lang='lat' dir='ltr'><strong>Lech.</strong></span> <span class='ocrx_word' id='word_1_301' title='bbox 342 4020 466 4084; x_wconf 64' lang='lat' dir='ltr'><strong>wrongh,</strong></span> <span class='ocrx_word' id='word_1_302' title='bbox 477 4035 507 4070; x_wconf 86' lang='lat' dir='ltr'><strong>ee</strong></span> <span class='ocrx_word' id='word_1_303' title='bbox 518 4023 620 4070; x_wconf 77' lang='lat' dir='ltr'><strong>interce</strong></span> <span class='ocrx_word' id='word_1_304' title='bbox 634 4021 657 4068; x_wconf 85' lang='lat' dir='ltr'><strong>is</strong></span> <span class='ocrx_word' id='word_1_305' title='bbox 671 4019 813 4081; x_wconf 82' lang='lat' dir='ltr'><strong>metrioelly</strong></span> <span class='ocrx_word' id='word_1_306' title='bbox 824 4033 873 4069; x_wconf 90' lang='lat' dir='ltr'><strong>one</strong></span> <span class='ocrx_word' id='word_1_307' title='bbox 887 4019 965 4068; x_wconf 87' lang='lat' dir='ltr'><strong>word.</strong></span> <span class='ocrx_word' id='word_1_308' title='bbox 1096 4022 1144 4072; x_wconf 80' lang='grc'>374</span> <span class='ocrx_word' id='word_1_309' title='bbox 1156 4023 1229 4084; x_wconf 72' lang='lat' dir='ltr'><strong>freto</strong></span> <span class='ocrx_word' id='word_1_310' title='bbox 1243 4022 1328 4074; x_wconf 78' lang='lat' dir='ltr'><strong>added</strong></span> <span class='ocrx_word' id='word_1_311' title='bbox 1343 4025 1379 4089; x_wconf 83' lang='lat' dir='ltr'><strong>by</strong></span> 
     </span>
     <span class='ocr_line' id='line_1_39' title="bbox 166 4102 1379 4166; baseline 0.005 -14"><span class='ocrx_word' id='word_1_312' title='bbox 166 4103 248 4153; x_wconf 76' lang='lat' dir='ltr'><strong>Lech.</strong></span> <span class='ocrx_word' id='word_1_313' title='bbox 260 4106 331 4152; x_wconf 84' lang='lat' dir='ltr'><strong>most</strong></span> <span class='ocrx_word' id='word_1_314' title='bbox 341 4103 451 4166; x_wconf 75' lang='lat' dir='ltr'><strong>eontely.</strong></span> <span class='ocrx_word' id='word_1_315' title='bbox 486 4103 552 4153; x_wconf 78' lang='lat' dir='ltr'><strong>Flor.</strong></span> <span class='ocrx_word' id='word_1_316' title='bbox 565 4104 596 4152; x_wconf 90' lang='grc'>31</span> <span class='ocrx_word' id='word_1_317' title='bbox 609 4102 698 4152; x_wconf 84' lang='lat' dir='ltr'><strong>Gamb.</strong></span> <span class='ocrx_word' id='word_1_318' title='bbox 710 4103 774 4154; x_wconf 84' lang='lat' dir='ltr'><strong>Mar.</strong></span> <span class='ocrx_word' id='word_1_319' title='bbox 788 4103 856 4164; x_wconf 78' lang='lat' dir='ltr'><strong>vulg.</strong></span> <span class='ocrx_word' id='word_1_320' title='bbox 869 4102 921 4153; x_wconf 82' lang='lat' dir='ltr'><strong>edd</strong></span> <span class='ocrx_word' id='word_1_321' title='bbox 931 4104 996 4152; x_wconf 78' lang='lat' dir='ltr'><strong>bello</strong></span> <span class='ocrx_word' id='word_1_322' title='bbox 1007 4103 1074 4153; x_wconf 84' lang='lat' dir='ltr'><strong>after</strong></span> <span class='ocrx_word' id='word_1_323' title='bbox 1085 4105 1154 4154; x_wconf 82' lang='lat' dir='ltr'><strong>haec.</strong></span> <span class='ocrx_word' id='word_1_324' title='bbox 1255 4106 1303 4156; x_wconf 80' lang='grc'><strong>375</strong></span> <span class='ocrx_word' id='word_1_325' title='bbox 1315 4122 1343 4157; x_wconf 84' lang='lat' dir='ltr'><strong>eo</strong></span> <span class='ocrx_word' id='word_1_326' title='bbox 1355 4111 1379 4158; x_wconf 77' lang='lat' dir='ltr'><strong>st</strong></span> 
     </span>
     <span class='ocr_line' id='line_1_40' title="bbox 169 4185 1379 4240; baseline 0.004 -5"><span class='ocrx_word' id='word_1_327' title='bbox 169 4186 266 4236; x_wconf 83' lang='lat' dir='ltr'><strong>Beorr.</strong></span> <span class='ocrx_word' id='word_1_328' title='bbox 281 4185 373 4237; x_wconf 80' lang='lat' dir='ltr'><strong>Lemb.</strong></span> <span class='ocrx_word' id='word_1_329' title='bbox 388 4186 487 4238; x_wconf 81' lang='lat' dir='ltr'><strong>foreoe.</strong></span> <span class='ocrx_word' id='word_1_330' title='bbox 522 4188 671 4235; x_wconf 80' lang='lat' dir='ltr'><strong>siineoeie</strong></span> <span class='ocrx_word' id='word_1_331' title='bbox 683 4185 849 4234; x_wconf 83' lang='lat' dir='ltr'><strong>Camb.Mer.</strong></span> <span class='ocrx_word' id='word_1_332' title='bbox 882 4187 984 4235; x_wconf 70' lang='lat' dir='ltr'><strong>niueo</strong></span> <span class='ocrx_word' id='word_1_333' title='bbox 1000 4193 1052 4234; x_wconf 75' lang='lat' dir='ltr'><strong>tam</strong></span> <span class='ocrx_word' id='word_1_334' title='bbox 1066 4186 1163 4236; x_wconf 82' lang='lat' dir='ltr'><strong>Amne.</strong></span> <span class='ocrx_word' id='word_1_335' title='bbox 1197 4189 1220 4235; x_wconf 77' lang='lat' dir='ltr'><strong>ri</strong></span> <span class='ocrx_word' id='word_1_336' title='bbox 1235 4189 1265 4236; x_wconf 79' lang='lat' dir='ltr'><strong>in</strong></span> <span class='ocrx_word' id='word_1_337' title='bbox 1279 4203 1308 4237; x_wconf 80' lang='lat' dir='ltr'><strong>eo</strong></span> <span class='ocrx_word' id='word_1_338' title='bbox 1323 4191 1379 4240; x_wconf 76' lang='lat' dir='ltr'><strong>iem</strong></span> 
     </span>
     <span class='ocr_line' id='line_1_41' title="bbox 168 4264 1343 4320; baseline 0.001 -3"><span class='ocrx_word' id='word_1_339' title='bbox 168 4267 244 4318; x_wconf 85' lang='lat' dir='ltr'><strong>Pont.</strong></span> <span class='ocrx_word' id='word_1_340' title='bbox 256 4268 272 4317; x_wconf 83' lang='lat' dir='ltr'><strong>J</strong></span> <span class='ocrx_word' id='word_1_341' title='bbox 274 4272 331 4318; x_wconf 83' lang='lat' dir='ltr'><strong>unt.</strong></span> <span class='ocrx_word' id='word_1_342' title='bbox 440 4269 489 4320; x_wconf 89' lang='grc'>376</span> <span class='ocrx_word' id='word_1_343' title='bbox 500 4270 582 4317; x_wconf 69' lang='lat' dir='ltr'><strong>oseem</strong></span> <span class='ocrx_word' id='word_1_344' title='bbox 592 4268 696 4316; x_wconf 80' lang='lat' dir='ltr'><strong>turbido</strong></span> <span class='ocrx_word' id='word_1_345' title='bbox 706 4266 728 4314; x_wconf 95' lang='lat' dir='ltr'>B</span> <span class='ocrx_word' id='word_1_346' title='bbox 739 4280 803 4316; x_wconf 89' lang='lat' dir='ltr'><strong>corr.</strong></span> <span class='ocrx_word' id='word_1_347' title='bbox 818 4265 888 4315; x_wconf 79' lang='lat' dir='ltr'><strong>Flor.</strong></span> <span class='ocrx_word' id='word_1_348' title='bbox 901 4268 932 4315; x_wconf 92' lang='grc'>31</span> <span class='ocrx_word' id='word_1_349' title='bbox 941 4264 1031 4316; x_wconf 81' lang='lat' dir='ltr'><strong>Oemb.</strong></span> <span class='ocrx_word' id='word_1_350' title='bbox 1043 4265 1114 4315; x_wconf 86' lang='lat' dir='ltr'><strong>Brix.</strong></span> <span class='ocrx_word' id='word_1_351' title='bbox 1126 4265 1168 4315; x_wconf 84' lang='lat' dir='ltr'><strong>for</strong></span> <span class='ocrx_word' id='word_1_352' title='bbox 1177 4269 1216 4315; x_wconf 81' lang='lat' dir='ltr'><strong>cie</strong></span> <span class='ocrx_word' id='word_1_353' title='bbox 1229 4269 1343 4318; x_wconf 78' lang='lat' dir='ltr'><strong>turbido.</strong></span> 
     </span>
    </p>

    <p class='ocr_par' dir='ltr' id='par_1_6' title="bbox 200 4349 1375 4416">
     <span class='ocr_line' id='line_1_42' title="bbox 200 4349 1375 4416; baseline 0.002 -15"><span class='ocrx_word' id='word_1_354' title='bbox 200 4351 248 4401; x_wconf 83' lang='grc'><strong>333</strong></span> <span class='ocrx_word' id='word_1_355' title='bbox 258 4353 349 4402; x_wconf 69' lang='lat' dir='ltr'><strong>mentis</strong></span> <span class='ocrx_word' id='word_1_356' title='bbox 359 4350 429 4401; x_wconf 81' lang='lat' dir='ltr'><strong>Flor.</strong></span> <span class='ocrx_word' id='word_1_357' title='bbox 441 4352 473 4400; x_wconf 91' lang='grc'>31</span> <span class='ocrx_word' id='word_1_358' title='bbox 485 4351 575 4400; x_wconf 80' lang='lat' dir='ltr'><strong>Gemb.</strong></span> <span class='ocrx_word' id='word_1_359' title='bbox 587 4352 603 4399; x_wconf 77' lang='lat'><strong>2</strong></span> <span class='ocrx_word' id='word_1_360' title='bbox 614 4350 673 4400; x_wconf 85' lang='lat' dir='ltr'><strong>Vat.</strong></span> <span class='ocrx_word' id='word_1_361' title='bbox 686 4349 750 4399; x_wconf 86' lang='lat' dir='ltr'><strong>Mar.</strong></span> <span class='ocrx_word' id='word_1_362' title='bbox 763 4350 803 4398; x_wconf 83' lang='lat' dir='ltr'><strong>for</strong></span> <span class='ocrx_word' id='word_1_363' title='bbox 815 4351 901 4399; x_wconf 70' lang='lat' dir='ltr'><strong>mesni.</strong></span> <span class='ocrx_word' id='word_1_364' title='bbox 966 4350 1015 4399; x_wconf 80' lang='grc'>334</span> <span class='ocrx_word' id='word_1_365' title='bbox 1026 4350 1085 4400; x_wconf 75' lang='lat' dir='ltr'><strong>binc</strong></span> <span class='ocrx_word' id='word_1_366' title='bbox 1098 4349 1163 4400; x_wconf 81' lang='lat' dir='ltr'><strong>Mer.</strong></span> <span class='ocrx_word' id='word_1_367' title='bbox 1176 4349 1257 4402; x_wconf 78' lang='lat' dir='ltr'><strong>Lech</strong></span> <span class='ocrx_word' id='word_1_368' title='bbox 1269 4351 1310 4401; x_wconf 86' lang='lat' dir='ltr'><strong>for</strong></span> <span class='ocrx_word' id='word_1_369' title='bbox 1322 4352 1375 4416; x_wconf 77' lang='lat' dir='ltr'><strong>tic,</strong></span> 
     </span>
    </p>
   </div>
   <div class='ocr_carea' id='block_1_4' title="bbox 0 0 1520 4800">
    <p class='ocr_par' dir='ltr' id='par_1_7' title="bbox 0 0 1520 4800">
     <span class='ocr_line' id='line_1_43' title="bbox 0 0 1520 4800; baseline 0 0"><span class='ocrx_word' id='word_1_370' title='bbox 0 0 1520 4800; x_wconf 95' lang='lat' dir='ltr'><strong> </strong></span> 
     </span>
    </p>
   </div>
  </div>
 </body>
</html>
