3008 4800
722 195 739 258 Ι

198 357 460 442 quandoquidem
484 359 577 422 factis
599 367 633 422 et
657 359 800 423 moribus
823 359 952 423 aemula
975 361 1102 445 magnis

199 462 348 526 amnibus
371 462 590 538 inveniuntur,
613 471 725 547 aperto
748 485 877 547 corpore
901 463 958 548 qui
980 447 1087 548 suntl

199 573 271 628 tum
293 587 387 649 porro
410 565 513 629 varios
535 588 642 629 rerum
666 566 826 630 sentimus
850 566 960 630 odores

198 690 257 732 nec
280 675 390 730 tamen
413 667 454 731 ad
478 669 564 732 naris
587 669 748 733 venientis
771 670 932 734 cernimus
956 692 1120 755 umquam,

118 774 180 854 [χ
197 792 257 837 nec
279 770 397 834 calidos
420 780 529 835 aestus
553 773 677 837 tuimur
700 795 759 837 nec
782 773 902 859 frigora
924 775 1053 859 quimus
1256 794 1317 856 300

198 892 353 958 usurpare
376 874 477 938 oculis
500 897 558 939 nec
581 897 672 940 voces
695 898 825 941 cernere
848 897 997 956 suemus;

194 996 281 1066 quae
304 985 415 1041 tamen
438 978 547 1043 omnia
568 1000 719 1063 corporea
740 987 887 1043 constare
910 989 1070 1044 necessest

197 1087 324 1156 natura,
347 1080 502 1164 quoniam
524 1102 636 1145 sensus
660 1082 815 1166 inpellere
838 1065 995 1181 possuntt

197 1191 333 1270 tangere
356 1184 444 1248 enim
467 1192 502 1249 et
525 1184 625 1271 tangi,
649 1185 711 1249 nisi
734 1206 858 1271 corpus,
882 1185 972 1249 nulla
994 1195 1104 1271 potest
1128 1177 1202 1302 res}

31 1290 34 1294 ’
76 1315 82 1325 ·
134 1357 145 1371 f
195 1286 336 1372 denique
360 1287 543 1373 fluctifrago
568 1310 741 1374 suspensae
764 1289 799 1353 in
823 1290 917 1354 litore
939 1299 1046 1355 vestes
1254 1307 1312 1373 305

131 1368 178 1420 ω(
196 1399 362 1469 uvescunt,
385 1391 518 1460 eaedem
540 1391 710 1476 dispansae
734 1392 768 1456 in
791 1393 857 1457 sole
879 1384 1076 1514 serescuntl

197 1503 232 1559 at
254 1517 359 1581 neque
381 1518 446 1581 quo
468 1506 563 1580 pacto
585 1497 763 1582 persederit
785 1519 880 1562 umor
901 1498 998 1583 aquai

197 1599 335 1664 visumst
357 1623 417 1665 nec
440 1623 569 1666 rursum
591 1624 656 1688 qno
678 1611 774 1686 pacto
797 1602 919 1689 fugerit
941 1592 1057 1691 aestu}

197 1705 232 1769 in
253 1727 369 1790 parvas
392 1704 495 1791 igitur
516 1705 618 1790 partis
640 1705 841 1792 dispergitur
863 1728 956 1771 umor

197 1830 277 1894 quas
300 1809 384 1874 oculi
407 1809 498 1874 nulla
520 1818 656 1894 possunt
679 1801 804 1874 ratione
830 1806 969 1899 viderel

196 1913 276 1997 quin
299 1913 398 1978 etiam
422 1912 535 1977 multis
557 1912 633 1977 solis
655 1912 868 1977 redeuntibus
890 1912 983 1977 annis

119 2045 121 2048 ·
195 2016 312 2081 anulus
335 2017 369 2080 in
392 2015 497 2102 digito
520 2015 634 2080 subter
655 2023 813 2079 tenuatur
835 2016 992 2091 habende,

196 2119 328 2184 stilicidi
351 2142 444 2184 casus
468 2118 609 2204 lapidem
632 2128 734 2194 cavat,
757 2140 861 2183 uncus
884 2118 984 2183 aratri

197 2223 317 2294 ferreus
339 2224 464 2288 occulte
487 2223 643 2288 decrescit
665 2244 776 2287 vomer
798 2222 833 2286 in
856 2223 949 2298 arvis,

196 2336 362 2414 strataque
385 2328 451 2392 iam
474 2327 561 2414 volgi
584 2326 721 2413 pedibus
743 2327 865 2391 detrita
888 2327 1011 2391 viarum

195 2454 291 2497 saxea
313 2431 545 2518 conspicimns;
574 2440 646 2496 tum
669 2442 779 2517 portas
801 2440 934 2517 propter
955 2452 1035 2494 aena

194 2537 286 2624 signa
308 2559 424 2602 manus
446 2537 577 2602 dextras
599 2537 776 2602 ostendunt
797 2536 969 2601 adtenuari

194 2663 289 2727 saepe
312 2643 513 2706 salutantum
536 2648 627 2706 tactu
650 2648 842 2726 praeterque
865 2622 1063 2743 meantuml

196 2744 275 2809 haec
297 2746 399 2832 igitur
422 2744 536 2821 minui,
559 2766 633 2809 cum
656 2744 722 2808 sint
745 2743 876 2820 detrita,
900 2725 1085 2837 videmusl

194 2848 252 2913 sed
274 2871 356 2935 quae
379 2871 511 2935 corpora
533 2849 692 2913 decedant
716 2849 749 2912 in
774 2857 920 2933 tempore
944 2854 1078 2933 qub‘que,

195 2952 305 3017 invida
327 2951 502 3038 praeclusit
525 2953 664 3038 speciem
688 2962 806 3017 natura
828 2936 985 3035 videndil

195 3062 356 3139 postremo
379 3075 604 3139 quaecumque
627 3053 696 3117 dies
719 3061 902 3138 naturaque
925 3053 1022 3117 rebus

121 3226 150 3253 ,ι
194 3158 353 3244 paulatim
377 3159 504 3236 tribuit,
527 3157 719 3223 moderatim
742 3179 883 3222 crescere
906 3179 1031 3243 cogens,

194 3261 285 3326 nulla
306 3271 414 3348 potest
438 3262 604 3326 oculorum
627 3260 711 3324 acies
734 3268 889 3324 contenta
912 3259 1017 3338 tueri;

194 3387 253 3430 nec
276 3387 369 3451 porro
391 3385 615 3449 quaecumque
637 3385 716 3427 aevo
740 3363 906 3448 macieque
928 3370 1108 3438 senescunt,

194 3494 262 3549 nec,
285 3492 372 3535 mare
396 3491 479 3556 quae
502 3468 689 3554 inpendent,
713 3488 804 3531 vesco
827 3466 894 3530 sale
916 3488 993 3530 saxa
1015 3487 1127 3551 peresa

194 3575 274 3661 quid
296 3596 424 3660 quoque
447 3571 603 3637 amittant
626 3572 659 3635 in
683 3579 828 3655 tempore
850 3591 980 3634 cernere
1002 3543 1125 3682 possis,

194 3677 379 3763 corporibus
402 3675 505 3740 caecis
528 3675 630 3762 igitur
652 3685 770 3737 natura
791 3673 878 3759 gerit
900 3670 978 3784 res]

238 3780 309 3844 Nec
331 3788 442 3844 tamen
464 3779 608 3863 undique
631 3799 781 3862 corporea
803 3777 926 3862 stipata
948 3784 1101 3841 tenentur

195 3885 303 3950 omnia
324 3877 446 3948 natura
452 3904 459 3962 3
488 3903 628 3967 namque
651 3890 700 3946 est
724 3881 758 3944 in
780 3881 877 3946 rebus
900 3869 1025 3965 inanel
1252 3899 1314 3963 330

156 4030 205 4080 304
216 4036 249 4079 et.
261 4037 307 4078 aut
319 4028 417 4079 Gellius
428 4043 445 4075 v
457 4029 503 4078 15:
520 4027 567 4077 but
578 4028 614 4076 all
626 4042 688 4077 mss.
700 4026 754 4078 and
766 4028 863 4078 Seneca
874 4027 980 4076 Tertull.
993 4027 1094 4076 Nonius
1105 4026 1171 4077 have
1183 4037 1215 4077 et.

156 4112 218 4160 313:
241 4109 332 4161 Isidor.
354 4109 423 4171 Orig.
445 4124 478 4158 xx
498 4109 529 4156 14
551 4110 564 4157 1
586 4107 759 4159 ‘Vomer...de
778 4123 830 4169 quo
849 4107 987 4157 Lucretius
1008 4109 1090 4157 Uncus
1110 4111 1192 4156 aratri
1209 4110 1312 4157 Ferreus

106 4195 201 4243 nermo
212 4195 332 4242 dementit
343 4207 425 4241 vomer
436 4194 465 4241 in
476 4194 546 4241 arvia
558 4191 695 4252 Sumitque
706 4205 750 4252 per
761 4190 920 4240 detrimenta
932 4191 1071 4252 fulgorem’
1084 4193 1140 4251 (not
1153 4190 1276 4239 ‘nitorem
1286 4192 1309 4251 ’).

107 4273 133 4324 It
144 4274 168 4324 is
178 4274 229 4325 odd
240 4275 263 4324 if
277 4273 322 4324 the
337 4274 388 4323 last
400 4273 483 4322 words
498 4287 542 4322 are
557 4272 677 4322 Isidore’s
692 4287 763 4321 own:
784 4271 807 4320 is
823 4286 838 4320 a
854 4271 907 4320 line
922 4271 949 4320 of
964 4270 1017 4320 this
1033 4271 1096 4319 kind
1111 4272 1169 4327 lost,
1183 4273 1312 4335 Strataque

106 4357 160 4420 ipre
181 4372 253 4406 cuum
270 4371 318 4420 per
339 4357 492 4404 detrinleata
513 4356 636 4403 nitorem?
741 4354 788 4400 321
811 4354 924 4416 speciem,
948 4355 1058 4415 spatium
1081 4351 1174 4403 [racha
1203 4353 1249 4403 but
1272 4368 1312 4403 see

98 4462 133 4489 ·'
194 4471 229 4519 u.
1208 4455 1228 4514 4
