3008 4800
225 346 331 409 insula
353 367 451 430 quern
475 345 644 429 triquetris
667 355 826 410 terrarum
848 347 950 432 gessit
973 347 1007 410 in
1030 348 1102 424 oris,

226 469 323 542 quam
347 447 530 510 fluitans
504 471 625 511 circum
639 449 776 564 magnis
798 450 998 527 anfractibus
1020 474 1140 536 aequor

227 547 356 614 ionium
377 539 504 645 glaucis
525 551 670 638 aspargit
693 553 781 617 virus
803 554 844 617 ab
869 554 972 629 undis,

226 663 430 740 angustoque
453 655 539 718 fretu
563 656 711 740 rapidum
735 680 822 720 mare
845 657 963 722 dividit
987 658 1082 723 undis

228 755 344 819 italiae
367 766 525 820 terrarum
549 780 620 821 oras
642 781 662 821 a
684 759 803 822 finibus
826 738 925 861 eius.)

227 859 280 923 hic
303 869 352 925 est
374 869 468 924 vasta
492 859 674 946 Charybdis
697 870 731 926 et
753 863 807 926 hic
828 864 977 928 Aetnaea
999 864 1165 930 minantur

228 984 395 1042 murmura
416 963 619 1027 flammarum
642 986 770 1028 rursum
793 987 827 1028 se
850 965 1031 1051 colligere
1021 988 1095 1042 iras,

229 1064 375 1129 faucibus
397 1074 530 1150 eruptos
553 1066 673 1154 iteruin
696 1067 746 1130 vis
768 1074 807 1130 ut
829 1076 939 1165 vomat
961 1067 1047 1153 ignis

227 1167 268 1231 ad
289 1169 480 1254 caelumque
503 1170 586 1233 ferat
609 1149 751 1233 flammai
775 1141 904 1256 fulgura
925 1151 1078 1284 rursum,

227 1292 407 1354 quaecum
431 1293 550 1357 magna
573 1271 677 1336 modis
700 1272 814 1335 multis
837 1272 985 1336 miranda
1009 1272 1140 1337 videtur

227 1374 381 1459 gentibus
404 1374 555 1439 humanis
578 1375 668 1461 regio
690 1374 889 1459 visendaque
912 1375 1022 1452 fertur,

229 1477 324 1541 rebus
346 1477 456 1562 opima
477 1477 579 1553 boniS,
601 1478 706 1541 multa
728 1476 858 1541 munita
881 1478 985 1542 virum
1009 1478 1050 1557 vi,

229 1578 275 1641 nil
298 1587 410 1642 tamen
432 1580 493 1643 hoc
516 1578 668 1644 habuisse
692 1579 759 1643 viro
782 1579 977 1665 praeclarius
999 1580 1090 1645 inse

229 1701 287 1743 nec
310 1689 459 1744 sanctum
483 1681 585 1765 magis
608 1690 642 1746 ct
666 1682 783 1745 mirum
808 1704 983 1768 carumque
1006 1683 1142 1747 videtur.
1154 1660 1160 1798 Ι

229 1786 371 1849 carmina
393 1786 474 1871 quin
497 1787 598 1851 etiam
621 1786 724 1851 divini
747 1787 887 1871 pectoris
910 1787 981 1851 eius

230 1890 445 1954 vociferantur
467 1899 502 1955 et
524 1899 693 1976 exponunt
715 1892 878 1977 praeclara
899 1901 1036 1977 reperta,

231 2003 269 2058 ut
290 1994 345 2057 vix
369 1994 512 2058 humana
534 1995 685 2060 videatur
706 1996 808 2082 stirpe
831 1983 981 2112 creatus]

272 2097 338 2161 Hic
360 2105 473 2161 tamen
496 2107 530 2163 et
552 2121 651 2183 supra
673 2122 752 2185 quos
774 2099 917 2164 diximus
939 2100 1104 2165 inferiores

229 2200 375 2286 partibus
398 2201 528 2288 egregie
552 2202 664 2266 multis
686 2203 855 2288 multoque
878 2204 1026 2280 minores,

230 2326 426 2389 quamquam
450 2305 556 2368 multa
578 2304 662 2369 bene
684 2328 721 2369 ac
743 2305 902 2370 divinitus
925 2306 1128 2371 invenientes

230 2431 268 2472 ex
291 2409 389 2494 adyto
412 2417 581 2494 tamquam
604 2410 707 2473 cordis
729 2431 881 2494 responsa
902 2395 1018 2475 dedere

229 2515 372 2579 sanctius
394 2524 429 2580 et
451 2515 556 2579 multo
578 2523 668 2579 certa
689 2515 814 2579 ratione
837 2515 941 2600 magis
963 2536 1061 2600 quam

230 2618 348 2704 Pythia
370 2641 454 2704 quae
478 2619 597 2735 tripodi
620 2642 641 2682 a
663 2619 786 2708 Phoebi
809 2619 963 2704 lauroque
985 2619 1138 2704 profatur,

229 2722 396 2808 principiis
418 2724 588 2788 tamenin
611 2745 719 2788 rerum
743 2723 846 2787 fecere
868 2723 978 2787 ruinas

229 2835 263 2891 et
285 2827 428 2914 graviter
450 2828 560 2914 magni
585 2849 702 2913 magno
724 2826 868 2890 cecidere
891 2826 937 2890 ibi
959 2849 1052 2891 casu·
1045 2785 1096 2909 Ι

230 2930 371 3015 primum
394 2931 479 3016 quod
503 2939 612 2995 motus
635 2938 786 3015 exempto
811 2929 938 2993 rebus
929 2929 1051 2992 inani

228 3033 440 3111 constituunt,
465 3042 499 3098 et
521 3056 572 3098 res
595 3033 700 3097 mollis
722 3055 873 3117 rarasque
896 3032 1090 3116 relinquent,

230 3161 305 3203 aera
326 3138 426 3203 solem
448 3139 559 3225 ignem
582 3148 685 3202 terras
706 3136 859 3200 animalia
883 3135 993 3222 frugis,

143 3363 359 3414 BGott.Acorr.
393 3366 463 3428 tanai
474 3379 570 3414 enasse
581 3364 604 3412 A
615 3378 639 3426 p.
652 3379 687 3414 m.
724 3365 842 3425 longeque
853 3378 948 3412 errasse
960 3361 1031 3410 Nico.
1042 3364 1091 3411 etc.
1206 3363 1254 3413 720
1265 3363 1349 3411 audie.

142 3447 241 3495 sindana
251 3445 330 3495 Lech
367 3447 448 3494 alatae
459 3445 546 3503 Bern,
559 3444 668 3494 without
679 3458 764 3494 cause.
799 3443 917 3493 Priscian
929 3458 939 3491 1
951 3442 1115 3491 sstconfirms
1127 3443 1210 3494 audie,
1302 3445 1349 3495 721

143 3530 238 3578 ltaliae
254 3526 324 3576 Nica.
342 3527 382 3576 ior
398 3529 516 3577 Haeliae.
561 3528 686 3576 Haeotiae
706 3526 728 3573 A
748 3541 813 3574 corr.
854 3527 957 3574 Aeoliae
980 3524 1069 3574 Heins.
1090 3524 1118 3573 in
1137 3539 1186 3573 ms.
1204 3528 1278 3574 notes
1297 3525 1350 3574 and

142 3611 177 3662 Is.
198 3610 304 3659 Vossius
318 3609 375 3658 who
392 3624 452 3673 says
467 3609 495 3658 in
511 3623 558 3659 ms.
574 3613 649 3658 notes
662 3615 737 3659 ‘msa
752 3609 849 3657 habent
863 3610 989 3657 Haeottae
1006 3608 1046 3657 vei
1057 3611 1167 3658 Aeoliae.
1205 3608 1271 3658 Puto
1287 3608 1350 3656 olim

143 3691 180 3740 sic
190 3689 287 3740 dictam
298 3704 356 3739 eam
367 3694 470 3752 partem
481 3689 573 3739 Italiae
584 3704 663 3752 quam
675 3688 831 3738 inhabitavit
843 3689 859 3737 J
860 3693 960 3738 ocastcs
975 3687 1047 3738 Aeoli
1062 3687 1131 3737 filius
1146 3687 1191 3750 qui
1206 3689 1239 3738 ad
1254 3688 1349 3737 fretum

145 3772 262 3822 Siculum
272 3771 422 3821 habitabat:
440 3771 498 3820 rid:
519 3770 663 3820 Diodorum
678 3771 722 3820 lib.
736 3772 759 3819 5.
772 3769 823 3832 [ch.
836 3773 863 3833 8]
878 3772 909 3820 G.
923 3770 962 3819 V.’
996 3770 1068 3819 Thus
1083 3769 1186 3832 Preiger
1200 3769 1253 3819 and
1268 3769 1349 3818 Lach-

144 3851 248 3901 mann's
263 3851 345 3900 doubt
361 3852 385 3901 is
404 3851 500 3901 solved.
541 3851 650 3901 Haverc.
672 3849 724 3900 and
740 3850 814 3899 Wair.
832 3850 888 3900 also
909 3849 988 3912 adopt
1008 3849 1061 3899 this
1080 3849 1186 3912 reading
1205 3850 1234 3899 oi
1252 3849 1350 3899 Gerard

143 3932 228 3983 iathar
238 3933 267 3982 oi
276 3933 310 3981 Is.
323 3932 439 3982 Vossius.
549 3933 597 3982 724
608 3935 647 3981 vie
658 3940 687 3980 at
699 3938 781 3980 vomat
792 3931 884 3980 Lamh.
897 3931 937 3980 ed.
950 3933 964 3980 3
980 3931 1020 3980 ior
1034 3933 1074 3980 vis
1090 3938 1118 3979 at
1132 3931 1234 3979 omaiat.
1268 3937 1296 3978 at
1311 3933 1349 3978 vis

143 4023 240 4065 evomat
257 4015 295 4064 ed
316 4016 330 4063 1
348 4013 400 4064 and
417 4017 432 4062 2
450 4015 517 4063 after
533 4014 598 4063 Mar.
616 4014 674 4063 ald.
693 4015 706 4062 1
724 4015 796 4064 Junt.
817 4017 865 4063 etc.
992 4015 1039 4064 725
1057 4013 1147 4063 Heins.
1165 4012 1193 4061 in
1209 4027 1258 4062 ms.
1276 4015 1350 4061 notes

145 4099 208 4160 ‘lag.
223 4097 347 4158 'caream',
367 4100 394 4146 to
416 4096 492 4146 avoid
515 4096 559 4145 the
582 4096 721 4159 repetition
742 4095 769 4144 oi
787 4112 893 4146 rursum.
1062 4097 1108 4146 737
1126 4096 1204 4157 adyto
1222 4093 1290 4144 Nico.
1311 4094 1351 4143 ior

144 4183 224 4232 adito.
278 4180 326 4231 739
333 4179 488 4242 prosatori,
499 4177 645 4227 corr.Nica.
656 4177 696 4226 ior
703 4186 830 4240 prosator.
895 4178 942 4228 741
954 4176 1047 4226 casaA
1058 4190 1123 4225 corr.
1132 4175 1204 4224 Nico.
1214 4174 1253 4223 ior
1265 4191 1350 4223 caasa.

193 4264 241 4314 744
246 4263 333 4327 smair
343 4261 388 4309 AB
400 4260 470 4308 Flor.
482 4260 513 4308 31
526 4263 572 4308 etc.
586 4262 633 4308 not
645 4259 728 4308 Nica:
747 4273 776 4308 so
788 4273 815 4307 ιιι
825 4262 873 4310 577
885 4258 939 4309 and
951 4258 998 4309 992
1010 4259 1076 4307 vocis
1088 4257 1141 4304 AB.
1171 4257 1259 4319 scupea
1270 4256 1349 4306 Lech.

143 4343 197 4395 and
213 4345 230 4394 i.
248 4344 264 4394 L
284 4357 369 4392 voees:
392 4343 425 4391 he
442 4355 501 4404 says
520 4340 722 4403 ‘[membranas]
738 4340 857 4402 quamvis
876 4339 1067 4389 consentientes
1083 4337 1182 4397 imitari
1202 4353 1281 4388 ausus
1299 4354 1350 4388 non
