3008 4800
757 173 786 235 V

254 338 509 424 noctivagaeque
532 336 615 400 foces
637 335 717 399 caeli
739 335 951 419 flammaeque
973 334 1127 413 volantes,

254 441 367 507 nubila
388 441 434 506 sol
457 440 576 505 imbres
597 440 652 503 nix
675 439 764 503 venti
787 438 922 502 fulmina
943 439 1065 524 grando

255 556 288 608 et
311 543 416 629 rapidi
440 543 587 608 fremitus
609 550 643 606 et
667 563 832 606 murmura
854 563 970 626 magna
992 541 1161 606 minarum.

263 663 279 693 J
299 648 327 712 Ο
351 669 454 733 genus
476 645 589 710 infelix
611 647 799 720 humanum,
822 644 901 708 talia
922 643 1006 708 divis

253 773 328 815 cum
351 749 469 813 tribuit
492 750 577 812 facta
598 757 696 832 atque
719 747 783 810 iras
804 746 954 811 adiunxit
976 747 1125 812 acerbas!
1287 765 1367 832 1195

253 861 392 938 quantos
414 861 487 915 tum
509 850 651 936 gemitus
672 850 734 934 ipsi
756 848 828 924 sibi,
850 858 1036 935 quantaque
1059 851 1152 916 nobis

253 955 391 1030 volnera,
414 975 496 1038 quas
517 953 663 1016 lacrimas
685 973 837 1036 peperere
859 951 1028 1017 minoribu'
1051 904 1208 1028 nostrisll

253 1080 313 1123 nec
335 1057 440 1142 pietas
462 1055 561 1120 ullast
584 1054 728 1118 velatum
750 1075 845 1138 saepe
867 1053 969 1118 videri

253 1160 373 1225 vertier
395 1158 436 1222 ad
458 1156 600 1243 lapidem
622 1164 720 1241 atque
743 1155 847 1219 omnis
868 1156 1017 1221 accedere
1040 1158 1082 1222 ad
1105 1181 1175 1224 aras

253 1286 313 1328 nec
334 1260 544 1347 procumbere
566 1258 658 1322 humi
680 1266 877 1344 prostratum
900 1266 933 1323 et
956 1258 1097 1343 pandere
1120 1262 1244 1347 palmas
1290 1280 1373 1328 1200

253 1374 330 1430 ante
353 1365 451 1428 deum
474 1361 609 1426 delubra
630 1382 781 1425 necares
803 1360 959 1447 sauguine
982 1361 1086 1426 multo

253 1487 403 1553 spargere
426 1463 671 1550 quadrupedum
693 1484 752 1527 nec
775 1463 858 1527 votis
879 1473 1008 1528 nectere
1030 1471 1115 1541 vota,

252 1572 309 1636 sed
332 1591 427 1655 mage
449 1575 565 1654 pacata
586 1588 679 1653 posse
701 1566 809 1630 omnia
830 1576 940 1632 mente
963 1567 1057 1632 tueri.

252 1696 328 1738 nam
351 1694 425 1736 cum
448 1669 640 1755 suspicimus
661 1668 772 1755 magni
793 1669 944 1734 caelestia
966 1671 1082 1735 mundi

253 1773 385 1860 templa,
406 1793 504 1856 super
525 1770 692 1855 stellisque
714 1770 909 1835 micantibus
930 1771 1064 1838 aethera
1085 1773 1196 1852 fixum,
1290 1792 1370 1859 1205

252 1890 286 1943 et
309 1877 399 1942 venit
421 1875 456 1939 in
478 1882 622 1939 mentem
644 1873 719 1938 solis
741 1875 900 1960 lunaeque
921 1860 1057 1956 viarum,¹

251 1991 332 2046 tunc
353 1979 425 2043 aliis
448 1999 598 2063 oppressa
618 1976 712 2040 maha
734 1977 769 2040 in
790 1986 920 2062 pectora
941 2000 1018 2043 cura

250 2086 308 2149 illa
329 2104 458 2169 quoque
481 2082 741 2168 expergefactum
763 2089 862 2166 eaput
885 2083 1007 2169 erigere
1029 2084 1112 2162 infit,

251 2211 377 2275 nequae
399 2188 482 2252 forte
504 2188 601 2251 deum
623 2187 715 2251 nobis
736 2187 882 2252 inmensa
903 2197 1047 2275 potestas

249 2293 302 2369 sit,
324 2290 412 2355 vario
434 2296 526 2354 motu
548 2311 630 2374 quae
652 2289 789 2354 candida
810 2289 914 2355 sidera
936 2301 1051 2358 verset.
1286 2316 1371 2365 1210

251 2401 394 2478 temptat
416 2392 503 2457 enim
526 2391 658 2455 dubiam
680 2400 824 2456 mentem
846 2393 980 2459 rationis
1002 2405 1140 2483 egestas

252 2518 450 2582 ecquaenam
474 2495 572 2560 fuerit
593 2495 709 2559 mundi
729 2497 882 2581 genitalis
903 2499 1000 2585 origo,

251 2610 286 2665 et
308 2599 406 2664 simul
428 2621 549 2684 ecquae
570 2599 614 2662 sit
636 2598 710 2663 finis
732 2600 839 2685 quoad
861 2602 988 2667 moenia
1009 2605 1124 2669 mundi

252 2703 382 2769 solliciti
405 2710 513 2767 motus
536 2703 622 2766 hunc
643 2703 767 2787 possint
790 2704 871 2769 ferre
894 2705 1044 2784 laborem,

252 2832 294 2873 an
317 2806 476 2871 divinitus
498 2814 630 2871 aeterna
651 2806 771 2871 donata
793 2807 898 2873 salute

252 2920 410 2997 perpetuo
433 2910 557 2995 possint
579 2911 650 2975 aevi
673 2910 817 2975 labentia
837 2920 945 2976 tractu

204 3041 232 3078 a
253 3015 393 3080 inmensi
416 3013 538 3078 validas
559 3015 631 3079 aevi
653 3023 857 3080 contemnere
880 2989 979 3101 virial

255 3127 423 3204 praeterea
444 3118 498 3182 cui
519 3140 584 3182 non
606 3118 733 3182 animus
755 3119 924 3184 formidine
946 3120 1058 3186 divum

254 3221 466 3298 contrahitur,
487 3220 540 3285 cui
561 3244 626 3286 non
648 3233 819 3308 correpunt
841 3225 985 3290 membra
1006 3249 1132 3312 pavore,

254 3326 399 3389 fulminis
421 3325 566 3390 horribili
588 3349 662 3390 cum
684 3328 779 3413 plaga
801 3328 921 3393 torrida
943 3330 1040 3395 tellus
1289 3354 1374 3402 1220

205 3402 232 3514 >f
253 3428 426 3492 contremit
449 3436 483 3492 et
504 3450 659 3514 magnum
683 3438 872 3515 percurrunt
893 3453 1060 3497 murmura
1082 3436 1206 3500 caelum
1219 3380 1254 3528 tl

253 3555 318 3597 non
341 3532 453 3617 populi
475 3542 651 3618 gentesque
675 3541 828 3610 tremunt,
850 3557 1004 3621 regesque
1027 3540 1159 3624 superbi

253 3635 431 3720 corripiunt
453 3634 563 3698 divum
587 3637 729 3720 percussi
751 3638 894 3703 membra
917 3638 1041 3719 timore,

166 3906 285 3971 poetical.
384 3907 448 3958 1192
458 3909 503 3956 sol.
537 3906 678 3957 roshamb.
779 3910 842 3960 1198
852 3911 930 3959 ultast
941 3911 1059 3960 velatum.
1093 3915 1367 3970 ullovelatunutmsa

168 3990 220 4040 and
235 3989 289 4041 eds.
302 3989 389 4039 before
406 3989 470 4038 Mar.
485 3988 537 4038 and
552 3988 611 4038 Ald.
628 3991 651 4039 1.
750 3992 813 4040 1203
826 3999 922 4054 pacato
938 3992 1012 4041 Junt.
1031 3993 1086 4057 (not
1101 3995 1176 4045 Pont.
1191 4012 1221 4045 or
1236 3998 1311 4064 Mar.)
1329 4000 1372 4051 for

166 4074 285 4134 placato:
307 4087 323 4121 a
343 4084 479 4133 necessary
497 4070 638 4120 correction
658 4071 742 4120 which
760 4073 869 4133 Nauger.
887 4074 987 4136 rejects,
1010 4073 1057 4123 but
1076 4075 1168 4126 Lamb.
1188 4078 1228 4127 ed.
1248 4081 1263 4126 2
1284 4081 1338 4131 and
1357 4085 1373 4133 3

168 4151 288 4214 properly
299 4150 400 4213 adopts.
501 4151 563 4202 1207
575 4154 601 4201 in
611 4160 721 4214 pectora.
754 4155 784 4202 in
791 4162 889 4216 pectore
900 4154 958 4204 Ald.
972 4155 1013 4204 lJ
1014 4160 1071 4206 unt.
1084 4158 1202 4208 followed
1214 4159 1247 4222 by
1259 4161 1372 4225 Nauger.

166 4233 259 4283 Iamb.
272 4231 367 4282 Oreeoh
378 4235 427 4281 etc.
439 4235 508 4282 most
519 4233 648 4297 absurdly.
747 4236 811 4283 1214
824 4237 935 4286 Solliciti
944 4237 1030 4287 Bentl.
1044 4238 1083 4288 for
1094 4242 1130 4288 Et
1142 4244 1227 4290 taciti:
1245 4242 1280 4292 he
1291 4245 1373 4296 refers

168 4319 195 4364 to
207 4314 277 4364 1343
288 4313 340 4363 and
351 4329 378 4362 vr
390 4314 463 4363 1038.
495 4317 532 4364 Et
547 4319 613 4365 tanti
628 4330 676 4365 one
688 4316 744 4367 Vat.
760 4317 816 4368 Ald.
833 4316 946 4368 lLamb.
1082 4322 1145 4372 1220
1161 4325 1288 4374 Fulminis
1305 4326 1374 4378 Mar.
