3008 4800
696 200 750 264 111

213 382 344 447 corpore
366 358 491 443 reliquo
513 378 660 442 pugnam
684 355 861 438 caedesque
884 355 1030 440 petessit,

215 486 273 529 nec
296 470 389 527 tenet
410 460 563 524 amissam
587 459 713 522 laevam
735 480 809 522 cum
833 459 977 543 tegmine
1000 479 1096 542 saepe

215 569 300 632 inter
322 587 422 650 equos
444 564 595 628 abstraxe
617 571 705 626 rotas
728 562 887 647 falcesque
911 583 1050 646 rapaces,
1270 562 1335 640 650

215 691 274 734 nec
296 666 449 732 cecidisse
470 666 554 729 alius
576 666 734 739 dextram,
757 686 831 726 cum
854 664 980 728 scandit
1004 672 1037 728 et
1060 637 1186 777 instat!

218 773 292 837 inde
315 771 398 835 alius
420 779 557 834 conatur
578 769 732 852 adempto
755 789 885 853 surgere
908 790 1009 845 crure,

216 898 290 940 cum
313 874 433 962 digitos
454 873 562 959 agitat
584 884 716 957 propter
739 872 950 936 moribundus
975 873 1067 936 humi
1089 837 1169 985 pasl

151 992 153 996 ’
216 987 251 1044 et
273 988 373 1064 caput
394 977 557 1042 abscisum
579 974 684 1039 calido
706 975 901 1061 viventeque
925 984 1039 1040 trunco

218 1090 325 1146 servat
348 1080 441 1145 humi
462 1079 590 1144 voltum
613 1078 746 1142 vitalem
770 1079 940 1163 oculosque
963 1080 1116 1164 patentis,
1273 1083 1334 1160 655

218 1185 319 1250 donec
341 1183 495 1270 reliquias
517 1181 640 1247 animai
662 1181 805 1246 reddidit
827 1167 964 1282 omnes!

219 1288 299 1372 quin
322 1288 424 1351 etiam
446 1285 509 1349 tibi
531 1283 569 1360 si,
594 1284 707 1370 lingua
729 1283 886 1360 vibrante,
910 1285 1044 1349 micanti

220 1390 380 1474 serpentis
402 1387 506 1453 cauda
529 1409 547 1452 e
570 1408 701 1472 procero
723 1408 861 1471 corpore,
884 1396 1059 1473 utrumque

220 1595 264 1660 sit
286 1594 419 1659 libitum
441 1593 476 1657 in
500 1592 622 1656 multas
644 1591 747 1677 partis
769 1592 925 1658 discidere
948 1593 1040 1671 ferro,

222 1697 331 1762 omnia
351 1696 417 1760 iam
440 1716 567 1759 sorsum
589 1715 701 1759 cernes
722 1695 831 1759 ancisa
852 1697 975 1760 recenti

221 1801 350 1865 volnere
374 1798 488 1865 tortari
511 1807 546 1863 et
570 1809 690 1863 terram
712 1820 922 1885 conspargere
945 1800 1031 1876 tab0,

221 1906 325 1990 ipsam
348 1925 448 1989 seque
469 1911 557 1967 retro
578 1910 707 1988 partem
729 1910 840 1987 petere
863 1925 916 1967 ore
940 1903 1087 1988 priorem,

223 2007 360 2073 volneris
384 2007 513 2071 ardenti
535 2014 575 2070 ut
597 2028 705 2070 morsu
731 2015 859 2092 premat
880 2007 947 2071 icta
968 1983 1135 2118 dolorem!

224 2112 374 2177 omnibus
398 2132 467 2175 esse
489 2109 593 2196 igitur
615 2116 702 2174 totas
724 2110 869 2174 dicemus
891 2111 926 2174 in
948 2110 1013 2174 illis

223 2215 392 2302 particulis
413 2213 563 2277 animas?
599 2220 635 2276 at
658 2235 697 2277 ea
719 2212 845 2277 ratione
866 2223 1022 2298 sequetur
1278 2215 1338 2296 665

224 2342 323 2384 unam
346 2318 548 2382 animantem
570 2316 696 2381 animas
719 2316 870 2381 habuisse
892 2317 927 2380 in
949 2339 1078 2402 corpore
1101 2290 1244 2415 multas(

225 2445 301 2510 ergo
323 2421 459 2485 divisast
480 2442 520 2485 ea
544 2442 629 2505 quae
651 2420 717 2483 fuit
739 2442 805 2483 una
827 2420 924 2484 simul
947 2443 1021 2484 cum

225 2548 373 2612 corpore;
403 2532 601 2609 quapropter
622 2524 760 2588 mortale
783 2532 958 2610 utrumque
981 2524 1204 2611 putandumst,

166 2654 168 2659 ·
226 2631 261 2694 in
284 2629 406 2693 multas
428 2627 583 2713 quoniam
604 2627 708 2712 partis
730 2628 901 2693 disciditur
923 2606 1057 2730 aeque.)

271 2735 443 2798 Praeterea
464 2732 492 2796 si
514 2731 697 2796 inmortalis
720 2741 838 2796 natura
859 2733 980 2798 animai
1280 2736 1345 2815 670

230 2846 359 2902 constat
381 2843 415 2900 et
438 2836 474 2900 in
496 2857 613 2921 corpus
635 2835 844 2900 nascentibus
867 2835 1059 2913 insinuatur,

228 2963 285 3005 cur
306 2961 405 3024 super
425 2947 611 3004 anteactam
633 2946 777 3003 aetatem
800 2939 983 3004 meminisse
1005 2940 1173 3024 nequimus

229 3067 288 3109 nec
311 3043 451 3130 vestigia
472 3051 639 3131 gestarum
662 3065 770 3107 rerum
792 3043 859 3107 ulla
882 3048 1054 3109 tenemus?
1072 3015 1080 3134 l

230 3170 307 3212 nam
329 3147 357 3212 si
379 3154 473 3212 tanto
496 3155 625 3232 operest
647 3146 749 3209 animi
771 3155 899 3211 mutata
921 3156 1071 3231 potestas,

146 3283 149 3290 ,
233 3250 337 3315 omnis
361 3257 400 3314 ut
422 3257 571 3314 actarum
592 3248 751 3313 exciderit
771 3249 948 3314 retinentia
969 3272 1085 3326 rerum,
1282 3251 1343 3333 675

231 3375 304 3429 non,
326 3361 365 3416 ut
388 3351 509 3435 opinor,
532 3351 566 3414 id
588 3373 609 3414 a
631 3351 697 3416 leto
720 3352 785 3415 iam
809 3352 948 3438 longiter
970 3360 1073 3432 errat;

231 3465 428 3543 quapropter
450 3456 571 3540 fateare
594 3468 757 3520 necessest
780 3477 862 3540 quae
886 3456 949 3520 fuit
972 3466 1047 3520 ante

178 3687 226 3738 647
242 3688 316 3735 semel
330 3683 412 3734 Lach.
430 3685 470 3734 lor
486 3685 569 3733 amul.
669 3684 717 3733 650
734 3691 802 3734 rotas
820 3684 890 3733 Nice.
908 3685 946 3732 for
963 3692 1024 3733 rote.
1117 3685 1163 3734 657
1182 3685 1228 3735 658
1244 3688 1349 3736 raiccari

146 3769 199 3818 and
215 3769 298 3816 cauda
315 3782 327 3815 e
343 3765 394 3814 Ed.
411 3764 475 3815 with
490 3763 572 3814 Lach.
590 3765 630 3813 for
646 3767 757 3814 minanti
774 3764 825 3814 and
841 3767 928 3814 ccam.
1046 3764 1093 3815 658
1110 3780 1126 3815 a
1141 3781 1165 3814 v.
1183 3766 1205 3814 is
1221 3766 1272 3815 lost
1288 3767 1349 3816 here

147 3849 211 3899 such
233 3863 263 3898 as
285 3851 321 3897 Et
342 3849 450 3897 caudam
472 3854 496 3897 et
519 3849 606 3896 aulem
628 3850 705 3896 totius
728 3851 837 3911 corporis
858 3863 967 3898 manem:
991 3862 1032 3897 see
1048 3863 1074 3897 vr
1090 3850 1151 3900 499:
1174 3848 1252 3898 Lach.
1274 3850 1350 3899 ‘reads

147 3936 282 3992 serpentem
296 3929 336 3978 for
350 3930 479 3990 serpentis,
497 3929 625 3990 atriaque
640 3928 709 3977 alter
724 3928 790 3977 Mar.
805 3928 879 3977 Junt.
896 3929 935 3977 for
949 3937 1095 3993 strumum
1113 3930 1165 3979 and
1179 3931 1245 3980 after
1259 3930 1294 3979 all
1308 3931 1350 3979 his

148 4009 326 4061 construction
348 4008 371 4058 is
394 4023 455 4071 very
477 4008 572 4058 forced.
619 4010 636 4058 l.
659 4025 683 4058 v.
706 4012 827 4059 minantis
850 4012 976 4073 Serpentis
998 4012 1103 4060 caudam
1121 4027 1221 4074 procero
1243 4028 1349 4076 corpore,

148 4095 266 4154 atriaque
283 4090 376 4140 Isamb.
492 4089 541 4138 662
556 4103 631 4151 aeque
646 4097 713 4140 retro
730 4089 801 4139 Nicc.
820 4091 860 4139 for
876 4106 975 4153 sequere
991 4099 1065 4143 retro.
1181 4092 1228 4142 663
1245 4095 1352 4144 dolorem

149 4173 229 4224 Lach.
247 4175 288 4223 for
304 4176 396 4223 dolore.
502 4171 550 4222 674
568 4177 638 4221 tauto
655 4179 752 4234 opereat
769 4174 848 4221 animi
864 4173 929 4223 Mar.
949 4172 988 4222 lor
1004 4180 1074 4223 tauto
1090 4189 1160 4237 opere
1177 4177 1286 4234 animia,
1304 4177 1352 4226 680

149 4259 249 4307 solitast
277 4259 357 4306 animi
386 4254 451 4304 Mar.
474 4253 532 4303 Ald.
562 4254 576 4301 1
606 4254 646 4303 lor
673 4256 750 4304 solita
777 4257 895 4304 animur:
925 4269 965 4304 see
991 4256 1048 4313 623,
1071 4270 1092 4304 11
1120 4259 1165 4307 275
1194 4256 1245 4306 and
1272 4259 1352 4308 Lach.

148 4339 230 4390 there.
340 4336 389 4389 676
406 4352 424 4386 c
441 4337 489 4386 leto
504 4333 596 4393 Lech,
615 4337 722 4396 loaqiter
737 4335 829 4386 Lamb.
846 4335 925 4387 Lacu
946 4336 1011 4385 from
1028 4336 1161 4388 Charisius
1178 4339 1229 4389 and
1245 4340 1353 4399 Nonius,
