3008 4800
274 348 419 415 horribili
441 347 550 413 sonitu
572 347 668 411 silvas
690 347 841 412 exederat
863 348 938 413 altis

274 451 315 514 ab
337 449 499 514 radicibus
521 458 556 514 et
578 456 697 513 terram
720 459 908 534 percoxerat
930 451 1007 536 igni,

274 555 427 619 manabat
449 554 540 619 venis
562 553 759 619 ferventibus
780 554 814 618 in
837 555 905 619 loca
926 563 1031 619 terrae

273 679 412 722 concava
432 658 625 722 conveniens
647 657 772 778 argenti
795 657 883 722 rivus
906 667 940 722 et
962 659 1042 733 auri,

273 761 355 825 aeris
377 761 457 825 item
480 768 515 826 et
538 740 782 857 plumbii-quae
804 783 879 825 cum
902 769 1050 825 concreta
1072 761 1228 825 videbant

272 866 433 950 posterius
455 865 540 929 claro
562 864 596 928 in
620 872 706 928 terra
728 864 895 949 splendere
917 865 1029 942 colore,

231 967 432 1055 ><tollebant
454 965 559 1031 nitido
580 966 669 1051 capti
690 966 819 1052 levique
842 968 948 1053 lepore

272 1079 307 1135 et
328 1070 427 1134 simili
449 1070 586 1134 formata
608 1068 761 1133 videbant
784 1091 853 1135 esse
875 1070 981 1157 figura

272 1182 371 1259 atque
394 1173 582 1237 lacunarum
605 1171 734 1235 fuerant
755 1172 893 1258 vestigia
913 1137 1051 1264 cuiquel

273 1266 344 1339 tum
367 1274 559 1360 penetrabat
582 1295 635 1337 eos
657 1295 748 1358 posse
770 1273 850 1337 haec
872 1273 1047 1360 liquefacta
1068 1275 1172 1340 calore

271 1378 451 1464 quamlibet
473 1378 509 1442 in
531 1377 665 1441 formam
688 1385 723 1441 et
744 1377 859 1441 faciem
881 1378 1047 1444 decurrere
1069 1401 1177 1444 rerum

271 1488 306 1570 et
328 1501 474 1565 prorsum
496 1479 643 1565 quamvis
664 1478 699 1542 in
720 1487 817 1544 acuta
838 1501 875 1544 ac
896 1480 1009 1544 tenvia
1030 1502 1123 1566 posse

271 1606 461 1648 mucronum
483 1583 559 1647 duci
581 1582 711 1669 fastigia
732 1583 943 1668 protendendo,
1025 1661 1032 1672 .
1054 1656 1056 1661 .
1306 1587 1389 1665 1265

271 1695 310 1751 ut
331 1687 394 1751 sibi
416 1686 483 1750 tela
504 1685 629 1762 darent,
650 1686 809 1772 silvasque
831 1695 871 1751 ut
893 1687 1025 1755 caedere
1048 1696 1179 1772 possent

269 1792 504 1876 materiemque
525 1790 634 1855 dolare
656 1799 691 1855 et
712 1792 797 1856 levia
817 1791 929 1857 radere
952 1792 1063 1879 tigna.

269 1903 304 1960 et
325 1895 488 1960 terebrare
511 1895 610 1960 etiam
632 1917 669 1959 ac
690 1897 884 1981 pertundere
906 1917 1028 1982 perque
1050 1852 1176 1990 forarel

268 2019 329 2061 nec
350 1998 458 2062 minus
480 2005 614 2083 argento
637 1997 739 2062 facere
761 1997 841 2062 haec
862 2020 1004 2083 auroque
1026 1999 1186 2084 parabant

267 2125 367 2189 quam
388 2101 488 2167 validi
509 2100 651 2186 primum
673 2101 824 2165 violentis
845 2100 968 2166 viribus
988 2101 1081 2176 aeris,
1305 2118 1393 2182 1270

268 2207 475 2292 nequiquam,
496 2204 648 2290 quoniam
670 2205 806 2270 cedebat
827 2205 913 2270 wicta
935 2213 1080 2291 potestas
1235 2206 1237 2210 ’

265 2333 326 2375 uec
347 2317 476 2396 poterat
497 2307 618 2394 pariter
639 2309 756 2373 durum
779 2309 912 2374 sufferre
934 2283 1095 2413 laborem}

266 2421 338 2478 tum
361 2412 424 2477 fuit
446 2412 481 2475 in
503 2410 608 2496 pretio
629 2410 733 2497 magis
754 2433 808 2478 aee
829 2434 1008 2497 aurumque
1027 2410 1157 2476 iacebat
1264 2453 1266 2455 -

265 2525 397 2603 propter
418 2514 634 2579 inutilitatem
657 2514 767 2578 hebeti
788 2536 940 2580 mucrone
962 2483 1136 2600 retusuml

265 2643 353 2685 nunc
374 2621 458 2685 iacet
480 2630 672 2696 sessurum
693 2618 728 2682 in
750 2641 915 2683 summum
935 2618 1089 2682 successit
1109 2590 1287 2719 honorem}
1303 2635 1385 2700 1275

265 2726 311 2790 sic
332 2723 490 2789 volvenda
511 2729 601 2786 aetas
623 2730 802 2786 commutat
824 2731 971 2807 tempora
993 2743 1109 2786 rerum.
1121 2688 1133 2816 l

265 2829 351 2915 quod
374 2828 438 2892 fuit
460 2828 495 2891 in
517 2827 630 2912 preti0,
652 2826 690 2890 fit
712 2825 801 2890 nullo
822 2826 963 2911 denique
985 2825 1122 2901 honore;

263 2955 357 3019 porro
379 2931 462 2995 aliut
484 2931 628 2995 succedit
651 2939 684 2995 et
706 2953 722 2996 e
744 2930 985 3016 contemptibus
1007 2930 1076 2994 exit

264 3040 363 3122 inque
384 3035 454 3100 dies
476 3033 580 3120 magis
596 3034 767 3120 adpetitur
789 3034 944 3119 floretque
966 3042 1130 3118 repertum

177 3283 209 3330 32
227 3282 258 3333 9:
282 3280 358 3330 Lucr.
378 3293 439 3340 may
461 3276 588 3327 therefore
610 3276 675 3325 have
698 3274 801 3326 written
824 3277 947 3340 quicquid
968 3276 1036 3338 here,
1060 3276 1161 3339 though
1183 3277 1319 3328 elsewhere
1340 3277 1387 3330 his

177 3375 240 3411 mss.
261 3360 328 3410 have
348 3360 473 3422 quidquid
492 3358 533 3407 for
553 3357 598 3407 the
618 3356 738 3416 relative3
757 3358 880 3420 quicquid
899 3357 928 3405 in
948 3356 993 3406 the
1014 3371 1087 3407 sense
1105 3359 1133 3408 ol
1153 3361 1269 3421 quicque,
1286 3358 1386 3423 rightly

177 3442 316 3504 according
338 3445 365 3491 to
387 3440 433 3490 the
455 3440 511 3489 rule
533 3437 669 3501 explained
691 3437 719 3486 in
741 3441 816 3488 notes
837 3441 853 3487 2
876 3442 903 3488 to
926 3454 936 3488 1
958 3441 990 3488 22
1011 3442 1156 3503 quicquum.
1317 3443 1384 3493 1253

175 3527 236 3575 altio
252 3526 275 3575 A
291 3524 362 3574 Nico.
379 3523 446 3574 Flor.
470 3524 501 3572 31
520 3521 608 3572 (lamb.
629 3521 700 3570 Mon.
719 3520 789 3571 Brix.
811 3521 950 3572 Ver..Ven.
969 3521 1042 3571 Junt.
1058 3525 1126 3572 altos
1144 3523 1190 3572 BA
1205 3537 1270 3572 corr.
1284 3524 1385 3576 Avanc.

175 3609 267 3660 Lamb.
434 3606 498 3655 1254
519 3607 557 3654 ΑΙ)
580 3605 653 3653 Junt.
671 3603 727 3653 first
749 3605 789 3654 for
811 3606 842 3663 A,
859 3604 971 3668 rightly:
994 3608 1042 3654 not
1064 3605 1140 3655 Pont.
1158 3620 1187 3655 or
1211 3605 1276 3655 Mar.

209 3691 273 3740 1258
289 3691 318 3739 ia
330 3695 397 3738 terre
407 3687 535 3750 splendere
546 3684 626 3734 Lach.
638 3684 694 3733 first
707 3683 746 3734 ior
756 3687 785 3733 in
802 3693 889 3736 terrae.
925 3687 955 3735 in
970 3689 1043 3736 tetris
1058 3686 1148 3737 Lumb.
1317 3689 1384 3742 1259
1470 3673 1473 3677 .

174 3773 246 3836 capti
258 3770 329 3819 Flor.
342 3770 373 3818 31
388 3769 446 3818 Ver.
458 3767 523 3816 Ven.
538 3765 602 3815 Mar.
621 3765 660 3813 for
674 3768 762 3827 capiti.
896 3766 960 3830 1266
976 3769 1214 3830 detrectantesque
1231 3776 1260 3817 ut
1279 3771 1385 3821 caedere

171 3859 272 3917 possem
282 3851 361 3903 Lech
377 3850 517 3912 forporem
528 3850 651 3910 silvaeque
663 3854 687 3895 et
699 3849 782 3897 cedere
791 3849 896 3911 poemat.
929 3848 993 3911 [But
999 3848 1110 3912 perhaps
1122 3849 1235 3902 thamsa
1247 3865 1291 3900 are
1299 3850 1382 3914 right:

175 3947 295 3996 compare
306 3932 391 3982 Plaut.
404 3929 499 3991 Amph.
511 3929 558 3980 192
566 3930 699 3991 praemisit
710 3935 739 3976 ut
749 3930 875 3987 nuntiem
891 3928 944 3979 and
955 3943 996 3978 see
1007 3929 1105 3992 Ussing
1116 3929 1212 3993 there]
1316 3932 1382 3985 1267

174 4017 259 4065 delere
275 4023 301 4064 et
317 4016 385 4064 levia
400 4014 488 4062 radere
505 4011 569 4061 Mar.
585 4010 659 4059 Junt.
671 4009 739 4071 (ald.
753 4011 767 4059 1
783 4009 832 4060 has
842 4027 872 4061 ac
883 4011 923 4061 for
934 4011 968 4076 et)
981 4012 1021 4061 lor
1031 4014 1130 4062 doleret
1141 4016 1223 4064 levare
1235 4030 1266 4064 ac
1277 4017 1383 4068 radere:

173 4095 259 4147 which
270 4110 353 4146 seems
364 4094 409 4143 the
420 4091 654 4155 simplestchange.
688 4092 765 4149 docto,
783 4093 1006 4143 bvoreucredere
1022 4093 1102 4143 Lech.
1137 4097 1237 4144 merare
1252 4097 1340 4147 dolere
1356 4107 1383 4149 et

171 4181 260 4228 redere
271 4177 363 4228 Lamb.
397 4175 477 4225 Lech.
489 4175 543 4224 also
555 4177 671 4236 suggests
682 4175 767 4224 doure
776 4190 859 4225 occare
870 4191 900 4225 ac
911 4190 940 4225 or
951 4177 1037 4226 dolare
1048 4192 1158 4239 aequare
1169 4193 1209 4228 ac.
1315 4179 1382 4231 1272

168 4267 270 4324 poterat
280 4259 373 4310 Lamb.
385 4258 439 4309 and
449 4257 531 4307 Lech.
543 4257 582 4306 lor
591 4263 722 4326 poterant:
739 4256 794 4306 this
806 4257 819 4306 1
830 4257 895 4308 have
905 4258 1019 4308 received
1030 4259 1094 4308 with
1105 4274 1176 4330 some
1187 4259 1337 4312 hesitation.

206 4342 269 4395 1273
287 4345 351 4392 Tum
361 4340 441 4392 Lech.
455 4340 579 4390 lorNam.
614 4353 655 4389 aer
667 4338 748 4389 added
759 4340 792 4401 by
803 4340 872 4391 Flcr.
885 4343 916 4390 31
929 4341 1016 4393 (lamb.
1031 4342 1109 4392 Pont.
1122 4342 1187 4393 Mar.
1291 4335 1403 4399 larse
