3008 4800
10 216 45 238 ,ι
153 182 219 245 266
749 180 797 242 VI

240 342 371 426 altaque
393 365 450 406 cur
471 344 661 428 plerumque
685 343 769 427 petit
792 342 860 406 loca
884 343 1086 428 plurimaque
1109 345 1180 408 eius

241 444 407 509 montibus
430 447 464 509 in
486 447 621 510 summis
644 447 781 532 vestigia
803 447 963 510 cernimus
986 413 1113 534 ignisll

286 547 381 627 Quod
403 563 557 636 superest,
580 551 704 614 facilest
727 573 765 614 ex
789 550 839 613 his
861 572 1051 636 cognoscere
1075 551 1178 626 rebus,

240 662 401 736 presteras
424 655 501 719 Grai
523 677 602 741 quos
625 654 666 718 ab
689 677 722 718 re
746 653 989 730 norninitarunt,

239 755 274 819 in
296 779 384 821 mare
407 780 472 842 qua
495 759 583 822 missi
606 759 739 822 veniant
761 759 886 823 ratione
910 780 1056 842 superne.

239 881 315 922 nam
339 859 378 924 fit
401 868 440 924 ut
463 860 626 925 interdum
651 872 819 946 tamquam
842 861 982 925 demissa
1003 862 1153 925 columna

239 962 274 1025 in
296 985 385 1041 mare
408 963 448 1028 de
470 964 557 1027 caelo
580 963 764 1039 descendat,
786 985 883 1047 quam
908 963 991 1026 freta
1013 964 1133 1028 circum

241 1065 424 1130 fervescunt
446 1066 588 1150 graviter
609 1065 808 1149 spirantibus
831 1065 932 1128 incita
953 1065 1070 1142 flabris,

202 1150 275 1258 >det
297 1191 520 1254 quaecumque
543 1169 577 1232 in
600 1191 638 1232 eo
661 1177 733 1232 turn
756 1169 822 1233 sint
845 1168 1004 1254 deprensa
1026 1169 1171 1242 tumultu

204 1271 371 1357 lnavigia
393 1272 428 1334 in
450 1293 614 1334 summum
637 1271 769 1335 veniant
794 1278 910 1334 vexata
931 1240 1106 1365 periclum.l

243 1373 303 1437 hoc
325 1373 364 1437 fit
388 1373 444 1437 ubi
466 1373 630 1437 interdum
654 1395 717 1437 non
739 1373 811 1458 quit
834 1373 882 1436 vis
904 1372 1005 1436 incita
1027 1373 1117 1436 venti

239 1498 390 1561 rumpere
412 1498 510 1562 quarn
534 1475 640 1561 coepit
661 1476 791 1551 nubem,
814 1475 870 1539 sed
893 1475 1056 1561 deprimit,
1079 1485 1116 1539 ut
1139 1476 1182 1539 sit

239 1579 274 1642 in
297 1602 385 1644 mare
407 1579 448 1644 de
470 1579 557 1643 caelo
581 1586 748 1664 tamquam
771 1579 909 1643 demissa
931 1579 1088 1654 columna,

239 1683 408 1768 paulatim,
431 1683 523 1768 quasi
543 1682 622 1768 quid
644 1705 755 1770 pugno
777 1681 971 1768 bracchique
994 1704 1132 1768 superne

239 1787 386 1851 coniectu
410 1788 563 1852 trudatur
586 1796 620 1852 et
643 1787 838 1852 extendatur
860 1787 895 1851 in
919 1786 1041 1865 undas;

239 1911 338 1974 quam
363 1911 438 1954 cum
460 1890 598 1967 discidit,
621 1890 696 1954 hinc
719 1889 941 1976 prorumpitur
962 1890 996 1953 in
1019 1912 1106 1954 mare
1129 1889 1219 1953 venti

238 1994 287 2058 vis
309 2002 344 2058 et
366 1996 524 2060 fervorem
547 1995 666 2058 mirum
689 1994 861 2058 concinnat
883 1993 917 2057 in
942 1993 1055 2072 undis;

240 2099 463 2163 versabundus
484 2098 569 2164 enirn
593 2098 689 2162 turbo
711 2096 878 2162 descendit
900 2107 934 2161 et
956 2097 1045 2161 illam

238 2200 371 2265 deducit
393 2202 516 2287 pariter
537 2202 625 2266 lento
648 2223 721 2264 cum
745 2222 874 2288 corpore
895 2192 1035 2279 nubemj

240 2327 338 2390 quam
361 2306 458 2369 simul
480 2328 518 2369 ac
538 2304 705 2390 gravidam
727 2304 868 2368 detrusit
890 2303 932 2367 ad
954 2326 1094 2389 aequora
1116 2303 1216 2389 ponti,

239 2404 295 2469 ille
317 2404 352 2468 in
374 2427 491 2491 aquam
514 2405 622 2469 subito
645 2413 752 2469 toturn
775 2426 808 2468 se
832 2403 972 2468 inmittit
994 2412 1029 2468 et
1051 2426 1145 2467 omne

240 2508 362 2572 excitat
384 2509 511 2595 ingenti
532 2509 641 2573 sonitu
664 2531 752 2572 mare
775 2508 896 2572 fervere
919 2530 1042 2592 cogens.

239 2613 278 2678 fit
300 2636 427 2698 quoque
449 2622 487 2678 ut
510 2613 652 2677 involvat
674 2612 764 2677 venti
787 2635 820 2678 se
842 2612 984 2677 nubibus
1006 2614 1075 2698 ipse

238 2725 350 2781 vertex
373 2717 547 2783 conradens
570 2739 610 2781 ex
632 2739 707 2781 aere
729 2716 854 2780 semina
876 2717 973 2781 nubis

239 2826 273 2882 et
295 2819 387 2903 quasi
410 2819 584 2883 demissum
608 2818 695 2882 caelo
718 2826 863 2902 prestera
885 2795 1052 2903 imiteturl

238 2921 291 2986 hic
314 2923 371 2987 ubi
393 2945 427 2988 se
451 2924 485 2986 in
507 2932 609 2987 terras
632 2922 763 2986 demisit
786 2922 1009 3006 dissoluitque,

239 3026 379 3091 turbinis
402 3028 563 3090 inmanem
586 3025 653 3090 viru
676 3027 835 3111 provomit
857 3034 956 3111 atque
978 2974 1163 3133 procellae,

239 3130 294 3194 sed
318 3131 395 3215 quia
416 3131 454 3195 fit
476 3152 546 3194 raro
567 3129 697 3194 omnino
722 3130 902 3214 montisque
926 3138 1086 3193 necessest

239 3232 363 3297 officere
386 3233 420 3296 in
443 3233 546 3309 terrie,
568 3241 703 3319 apparet
725 3232 866 3297 crebrius
889 3232 975 3296 idem

238 3345 410 3420 prospectu
434 3335 587 3400 marisia
610 3359 727 3423 magno
750 3336 901 3420 caeloque
924 3336 1059 3420 patenti.

283 3438 407 3503 Nubila
429 3449 643 3516 concrescunt,
667 3439 723 3503 ubi
746 3461 876 3524 corpora
901 3439 1003 3502 multa
1026 3439 1162 3503 volando

150 3673 337 3723 10101111Μο1.
351 3675 424 3727 Junt.
533 3677 580 3724 421
598 3678 653 3726 loca
664 3676 685 3724 B
698 3691 763 3744 corr.
777 3676 846 3726 Flor.
859 3679 889 3726 31
903 3677 992 3728 camb.
1007 3677 1077 3727 Mon.
1090 3677 1148 3727 Ver.
1160 3676 1224 3727 Van.
1238 3678 1279 3727 for
1290 3682 1357 3730 ioca.

151 3769 196 3817 que
213 3757 268 3804 eiua
285 3756 365 3807 Lach.
385 3757 425 3805 101
441 3772 486 3820 que
499 3759 565 3820 plue.
603 3773 649 3819 que
668 3759 742 3806 huius
758 3757 849 3806 Lamh.
985 3760 1033 3806 424
1052 3761 1117 3808 Grai
1130 3759 1199 3810 Flor.
1218 3760 1248 3807 31
1267 3760 1361 3811 camb.

150 3837 223 3887 Brix.
235 3839 276 3888 101
288 3841 371 3891 Grati.
409 3841 485 3888 Graii
496 3840 518 3888 B
530 3854 595 3890 corr.
610 3840 675 3889 Mar.
711 3843 800 3889 Graiei
812 3839 905 3890 Lech:
924 3839 1060 3890 Lucretius
1075 3845 1155 3890 wrote
1169 3840 1252 3891 either
1268 3844 1361 3894 (1ναὶιὶ

151 3935 181 3969 01
193 3923 267 3980 Grai,
279 3927 326 3972 not
337 3925 420 3974 Graii.
489 3923 538 3973 426
550 3931 678 3986 tamquam
689 3923 755 3972 Flor.
771 3924 802 3972 31
816 3923 903 3973 Camb.
919 3924 975 3972 Ver.
988 3922 1051 3973 Van
1065 3923 1129 3973 Mar.
1142 3924 1182 3973 101
1194 3932 1245 3972 tom
1256 3940 1321 3974 cum.

183 4004 325 4054 4181011111
337 4004 405 4055 Flor.
420 4005 450 4053 31
463 4004 553 4054 (lamb.
565 4004 632 4052 Mar.
643 4008 691 4053 etc.
703 4005 744 4053 101
755 4006 844 4056 tacito.
912 4006 960 4054 430
973 4009 1077 4055 veniam
1090 4005 1171 4054 Lach.
1183 4005 1223 4055 101
1238 4008 1360 4056 veniunt:

150 4084 220 4134 Flor.
233 4087 264 4135 31
276 4087 342 4135 Mar.
354 4088 427 4137 Junt.
440 4087 530 4136 Lamb.
542 4086 611 4147 vulg.
622 4085 688 4148 keep
699 4089 811 4144 veniunt,
823 4086 876 4136 and
888 4087 935 4138 429
947 4086 1008 4136 read
1019 4094 1084 4137 sant.
1184 4087 1233 4135 440
1249 4089 1362 4139 detrusit

151 4165 242 4215 Lamb.
255 4168 312 4216 first
324 4167 363 4216 101
374 4169 478 4218 detruit.
513 4167 734 4216 detruditAcorr.
748 4167 817 4217 Nico.
916 4169 964 4219 447
974 4171 1100 4232 procellae
1112 4169 1181 4219 Flor.
1193 4173 1224 4220 31
1236 4171 1296 4222 Vat.
1310 4173 1360 4225 640

152 4247 245 4297 Urbin.
257 4248 315 4300 Vat.
332 4249 395 4298 1136
407 4249 502 4299 Othob.
515 4250 580 4298 Mar.
592 4249 632 4298 101
644 4251 769 4312 procellat
780 4249 865 4300 which
879 4250 952 4301 Wak.
967 4251 1089 4314 absurdly
1103 4253 1223 4304 retains(
1310 4258 1361 4310 449

153 4330 253 4392 Officers
264 4330 334 4383 Flor.
349 4333 379 4380 31
392 4331 481 4381 Oamh.
494 4332 564 4381 Mon.
576 4332 617 4382 101
631 4334 750 4395 Officeret.
848 4335 896 4383 452
909 4350 996 4398 supero
1007 4333 1085 4404 Lech,
1099 4336 1138 4385 101
1149 4351 1232 4401 super.
1265 4355 1360 4404 supero
