3008 4800
557 259 561 265 ,
659 187 713 250 III
1238 203 1295 269 145

113 432 117 439 ἱ
148 393 150 400 ·
176 370 217 413 ex
239 348 295 412 illa
317 370 401 434 quae
423 357 496 428 tum
519 347 617 432 periit
640 348 763 432 partita
784 370 842 432 per
863 325 978 460 artus,
1234 368 1298 431 710

175 459 371 536 quapropter
393 470 499 533 neque
520 448 624 513 natali
646 449 774 533 privata
796 449 928 514 videtur

176 575 244 617 esse
266 553 320 616 die
342 560 461 616 natura
482 552 611 616 animae
634 574 693 616 nec
716 553 839 617 funeris
861 527 1001 647 expersl

221 655 354 720 Semina
376 666 544 741 praeterea
567 656 757 741 linquontur
780 679 881 721 necne
904 658 1026 740 animai

178 781 307 844 corpore
329 759 364 822 in
387 759 561 839 exanimo?
578 732 586 865 Ι
605 759 691 844 quod
713 760 741 823 si
764 761 931 824 lincuntur
954 769 988 825 et
1011 762 1131 838 insunt,

30 907 38 914 -
85 913 87 918 .
118 899 120 903 ·
179 861 260 926 haut
282 862 345 927 erit
368 871 407 926 ut
429 863 546 927 meritc
569 862 751 927 inmortalis
774 864 874 948 possit
898 864 1018 941 haberi,
1235 884 1296 949 715

178 967 326 1050 partibus
347 966 474 1032 amissis
497 967 648 1053 quoniam
673 966 774 1031 libata
796 949 961 1086 recessit(

180 1067 230 1132 sin
253 1068 302 1133 ita
323 1068 455 1133 sinceris
477 1068 633 1133 membris
655 1069 766 1133 ablata
787 1070 932 1156 profugit

179 1177 218 1234 ut
241 1172 347 1236 nullas
369 1169 471 1256 partis
494 1172 529 1234 in
552 1192 682 1257 corpore
706 1171 840 1257 liquerit
862 1195 902 1236 ex
925 1194 968 1248 se,

181 1273 268 1338 unde
291 1273 447 1338 cadavera
468 1273 618 1338 rancenti
641 1273 706 1338 iam
730 1274 850 1339 viscere
873 1296 999 1339 vermes

182 1377 331 1463 expirant
352 1386 453 1463 atque
475 1378 564 1442 unde
586 1377 791 1442 animantum
813 1379 906 1463 copia
928 1387 1021 1443 tanta
1237 1398 1302 1462 720

181 1503 256 1546 exos
278 1490 312 1546 et
334 1481 492 1569 exanguis
515 1481 658 1546 tumidos
679 1483 877 1568 perfluctuat
898 1487 1013 1548 artus?

183 1584 269 1669 quod
291 1584 320 1649 si
342 1585 425 1649 forte
446 1585 573 1648 animas
595 1584 793 1650 extrinsecus
815 1585 972 1649 insinuari

183 1687 346 1752 vermibus
368 1696 404 1752 et
427 1688 535 1774 privas
558 1687 592 1752 in
615 1711 745 1774 corpora
768 1711 861 1775 posse
883 1689 993 1754 venire

183 1789 286 1854 credis
308 1812 368 1854 nec
389 1797 523 1876 reputas
546 1812 603 1854 cur
624 1790 722 1855 milia
738 1790 844 1855 multa
865 1791 1047 1855 animarum

99 1927 109 1957 ι
154 1930 156 1933 ·
184 1894 377 1958 conveniant
399 1894 487 1959 unde
509 1916 576 1959 una
596 1894 772 1971 recesserit,
795 1895 855 1960 hoc
879 1904 989 1960 tamen
1012 1905 1122 1960 estut
1240 1912 1300 1978 725

131 1984 133 1986 ¹
186 1997 406 2081 quaerendum
429 1997 580 2062 videatur
601 2005 635 2061 et
657 1995 692 2060 in
714 1996 886 2061 discrimen
909 1997 1079 2084 agendum,

185 2108 297 2164 utrum
319 2100 453 2165 tandem
475 2101 604 2164 animae
627 2107 788 2164 venentur
809 2100 933 2164 semina
956 2122 1102 2186 quaeque

186 2203 434 2268 vermiculorum
457 2204 611 2290 ipsaeque
633 2203 696 2268 sibi
719 2204 917 2268 fabricentur
940 2205 997 2268 ubi
1019 2205 1093 2279 sint,

185 2329 228 2370 an
250 2308 343 2394 quasi
364 2309 551 2394 corporibus
573 2309 723 2395 perfectis
746 2308 959 2374 insinuentur.

186 2422 221 2478 at
243 2436 350 2499 neque
372 2435 430 2477 cur
452 2413 576 2478 faciant
598 2413 687 2497 ipsae
710 2434 850 2498 quareve
873 2413 1020 2478 laborent
1242 2432 1307 2497 730

185 2517 291 2582 dicere
313 2517 511 2603 suppeditat.
535 2539 641 2603 neque
663 2517 760 2595 enim,
782 2517 851 2582 sine
874 2540 1003 2605 corpore
1026 2541 1099 2584 cum
1122 2526 1207 2595 sunt,

186 2621 343 2686 sollicitae
366 2621 506 2686 volitant
528 2621 649 2684 morbis
671 2620 813 2707 alguque
836 2621 1004 2707 famequc3

187 2747 301 2810 corpus
323 2724 412 2789 enim
434 2724 539 2812 magis
562 2724 613 2788 his
635 2724 724 2788 vitiis
746 2725 854 2790 adfine
877 2725 1001 2790 laborat

188 2837 222 2893 et
244 2829 329 2892 mala
352 2829 458 2893 multa
479 2829 609 2893 animus
631 2836 768 2916 contage
791 2830 939 2917 fungitur
961 2809 1053 2933 eiusl

188 2931 245 2996 sed
267 2940 379 2996 tamen
402 2931 453 2996 his
475 2939 545 2996 esto
567 2931 717 3016 quamvis
739 2931 842 2997 facere
865 2933 947 2997 utile
969 2955 1092 3019 corpus,
1244 2951 1283 3015 73
1290 2950 1304 3014 5

192 3057 265 3100 cum
288 3035 446 3115 subeant;
474 3045 511 3100 at
532 3057 598 3119 qua
619 3037 745 3120 possint
768 3035 820 3100 via
842 3037 932 3101 nulla
956 3017 1108 3147 videturl
1216 3059 1217 3062 ¹

188 3138 270 3203 haut
292 3137 396 3224 igitur
418 3137 544 3202 faciunt
565 3138 693 3202 animae
717 3138 780 3202 sibi
802 3160 934 3224 corpora
956 3148 991 3204 et
1013 3119 1136 3259 artus!

188 3264 248 3306 nec
270 3250 382 3306 tamen
404 3249 454 3306 est
476 3241 574 3326 utqui
595 3241 746 3326 perfectis
768 3241 976 3306 insinuentur

131 3375 155 3378 ··
189 3345 392 3431 corporibus;
421 3366 527 3430 neque
551 3344 639 3408 enim
661 3354 817 3430 poterunt
839 3345 1005 3431 suptiliter
1027 3367 1096 3410 esse

103 3587 168 3622 reru.
289 3572 337 3622 710
355 3580 406 3621 tum
422 3569 493 3620 Brix.
514 3569 573 3618 Ver.
591 3569 654 3620 Ven.
673 3568 771 3632 rightly
788 3569 827 3618 for
844 3576 911 3618 tunc.
953 3572 1042 3634 periit.
1057 3571 1153 3632 peritur
1170 3567 1240 3618 Nico.
1258 3569 1310 3618 and

102 3655 169 3705 later
180 3669 242 3703 mss.
255 3654 307 3703 and
319 3653 372 3703 eds.
385 3653 470 3702 before
481 3651 558 3700 Pont.
571 3651 645 3700 Junt.
728 3653 776 3702 718
792 3653 824 3701 Ut
836 3650 892 3702 Ver.
907 3651 971 3701 Van.
987 3652 1026 3699 for
1037 3653 1081 3700 Er.
1164 3653 1211 3702 723
1220 3653 1309 3714 prium

102 3741 132 3786 ἐπ
152 3738 175 3786 Β
198 3752 263 3787 corr.
287 3738 326 3786 for
344 3738 424 3800 priva
446 3737 476 3784 si.
626 3735 672 3785 732
696 3737 805 3798 alpisque
827 3734 918 3784 Lamb.
942 3733 993 3784 and
1014 3748 1077 3783 mss,
1101 3735 1129 3782 ol
1148 3733 1249 3784 Nonius
1272 3734 1311 3783 for

103 3821 217 3882 clpoque.
344 3821 392 3870 733
409 3821 493 3882 adfice
511 3822 533 3868 A
550 3835 575 3882 p.
588 3834 624 3867 m.
643 3818 673 3882 (l)
692 3821 769 3882 cufim
786 3818 816 3866 B.
851 3826 875 3866 er
885 3819 939 3880 fine
956 3817 978 3864 A
995 3831 1059 3866 corr.
1077 3816 1161 3866 Nica:
1184 3816 1236 3866 Gir.
1254 3816 1310 3864 first

103 3899 219 3949 restored
233 3901 315 3962 adfine
333 3902 360 3949 to
377 3904 444 3949 text:
463 3899 508 3949 the
523 3902 586 3948 note
601 3898 629 3948 in
644 3898 683 3948 ed.
696 3901 710 3947 3
727 3899 755 3947 of
770 3897 861 3948 Lamb.
877 3898 900 3946 is
916 3895 1042 3958 amusing.
1076 3896 1150 3946 Wak.
1166 3899 1269 3945 returns
1283 3898 1310 3945 to

103 3992 128 4033 er
138 3984 201 4046 fine.
301 3984 349 4034 734
365 3990 477 4044 couroye.
515 3984 662 4044 contagibus
679 3981 761 4033 Lach.
863 3981 911 4032 736
930 3982 991 4030 Oura
1007 3981 1117 4030 subcunt.
1156 3981 1227 4040 Quod
1242 3980 1310 4027 sobe·

103 4073 150 4115 ant
166 4078 182 4114 a
199 4064 283 4114 friend
300 4065 327 4114 οὶ
342 4064 457 4122 Faber’s‚
475 4064 539 4113 both
556 4063 640 4113 Faber
656 4063 708 4112 and
726 4062 812 4114 Bsntl
832 4062 983 4125 approving.
1037 4063 1086 4110 Oai
1102 4076 1122 4108 r.
1139 4061 1216 4109 Bern.
1260 4074 1311 4122 quc

103 4147 170 4197 Mar.
183 4147 241 4203 Ald,
254 4147 268 4195 1
280 4146 354 4198 lunt.
370 4146 410 4195 for
420 4162 474 4210 quc.
591 4146 638 4196 738
649 4147 725 4208 utqui
736 4144 787 4193 Ed.
799 4143 839 4193 for
850 4153 877 4193 ur
890 4145 1005 4208 quirunt:
1024 4156 1065 4191 see
1077 4145 1149 4191 notes
1162 4144 1176 4189 2
1188 4146 1215 4191 to
1227 4156 1237 4190 1
1249 4142 1311 4192 755:

104 4245 160 4279 cum
178 4244 230 4279 was
250 4228 351 4278 written
371 4242 432 4277 over
452 4229 497 4290 qui
516 4226 552 4289 by
571 4240 642 4275 some
665 4240 714 4274 one
734 4225 791 4275 who
813 4223 858 4274 did
878 4228 924 4274 not
943 4223 1103 4274 understand
1126 4225 1185 4287 qui:
1209 4223 1312 4286 quidum

103 4313 183 4362 Bam.
200 4312 254 4361 and
270 4311 319 4363 Ed.
339 4311 368 4359 in
384 4310 424 4362 ed.
446 4311 468 4360 1.
503 4308 583 4358 Lach.
602 4307 693 4371 adopts
711 4309 778 4357 from
794 4307 886 4357 Lamb.
904 4315 933 4357 ut
949 4309 1009 4365 iam,
1027 4305 1110 4355 which
1127 4306 1159 4355 he
1176 4306 1263 4355 allows
1283 4309 1313 4354 ‘a

194 4431 227 4478 u.
1186 4411 1227 4472 10
