3008 4800
748 151 765 214 I

240 312 324 398 ignis
347 312 434 377 enim
458 311 541 376 foret
563 311 755 376 omnimodis
777 312 1002 398 quodcumque
1024 324 1178 379 crearent.

241 439 361 492 verum,
384 424 422 480 ut
444 414 566 500 opinor,
590 415 685 478 itast:
715 423 792 478 sunt
813 417 972 499 quaedam
994 439 1125 502 corpora
1147 439 1284 502 quorum

241 541 412 585 concursus
435 529 544 582 motus
566 518 642 581 ordo
664 517 809 601 positure
832 518 952 604 figurae
1292 523 1355 602 685

241 625 386 689 efficiunt
408 624 501 709 ignis,
525 630 716 706 mutatoque
739 622 849 685 ordine
872 632 1002 687 mutant

241 737 391 792 naturam
413 748 521 810 neque
544 732 621 788 sunt
643 725 712 810 igni
734 725 885 789 simulata
907 750 1012 812 neque
1035 729 1094 792 ulli

240 839 408 917 praeterea
430 829 477 893 rei
501 851 585 914 quae
607 850 737 912 corpora
759 829 889 893 mittere
911 832 1012 915 possit

241 936 388 1003 sensibus
411 948 445 1000 et
468 942 594 998 nostros
616 931 743 997 adiectu
767 941 899 1018 tangere
921 926 1052 1041 tactus}

285 1040 401 1104 Dicere
424 1060 517 1123 porro
540 1037 649 1124 ignem
671 1058 722 1100 res
744 1035 847 1100 omnis
868 1057 936 1100 esse
959 1059 1065 1122 neque
1087 1037 1189 1102 ullam
1292 1040 1359 1120 690

216 1139 217 1143 ’
242 1166 310 1208 rem
332 1163 442 1206 veram
464 1141 499 1204 in
521 1161 656 1203 numero
678 1161 785 1203 rerum
806 1148 951 1204 constare
974 1139 1036 1204 nisi
1058 1139 1176 1225 ignem,

241 1244 328 1331 quod
350 1243 428 1308 facit
450 1242 504 1306 hic
525 1241 622 1318 idem,
644 1241 839 1327 perdelirum
862 1263 930 1306 esse
953 1234 1113 1346 videtur}
1198 1243 1200 1248 ’

241 1371 316 1412 nam
339 1356 452 1412 contre
474 1367 587 1410 sensus
609 1345 651 1409 eb
673 1345 822 1409 sensibus
844 1345 914 1430 ipse
936 1354 1098 1432 repugnet

243 1460 277 1516 et
299 1451 474 1515 labefactat
496 1471 552 1514 eos
573 1449 660 1513 unde
682 1447 791 1512 omnia
812 1446 934 1516 credita
955 1448 1108 1534 pendent,

243 1555 330 1620 unde
353 1554 406 1617 hic
428 1551 578 1639 cognitus
601 1559 651 1616 est
673 1550 737 1636 ipsi
759 1572 855 1636 quem
877 1551 1023 1616 nominat
1045 1551 1172 1638 ignem;
1294 1554 1357 1633 695

244 1656 455 1723 creditenim
479 1676 592 1719 sensus
614 1654 722 1740 ignem
745 1675 933 1740 cognoscere
957 1675 1041 1731 vere,

244 1768 352 1826 cetera
373 1782 438 1824 non
460 1757 573 1832 credit,
594 1778 677 1842 quae
699 1756 764 1820 nilo
787 1757 873 1820 clara
893 1756 1000 1821 minus
1022 1747 1130 1866 suntl

243 1862 329 1949 quod
352 1861 434 1925 mihi
456 1883 531 1924 oum
555 1881 673 1924 vanum
697 1867 768 1923 tum
790 1858 927 1923 delirum
950 1881 1018 1924 esse
1042 1860 1190 1938 videtur3

187 2027 198 2053 ι
244 1988 308 2052 quo
330 1965 506 2030 referemus
528 1963 639 2028 enim?
656 1945 747 2053 lquid
769 1963 860 2027 nobis
882 1965 1001 2028 certius
1022 1963 1101 2049 ipsis

148 2124 169 2141 e
202 2067 208 2088 ⁸
245 2069 392 2135 sensibus
415 2089 485 2133 esse
507 2075 625 2152 potest,
647 2067 704 2152 qui
728 2089 803 2132 vera
825 2089 861 2131 ac
884 2067 963 2132 falsa
984 2054 1181 2186 notemusll
1298 2083 1363 2149 700

246 2183 413 2259 praeterea
435 2194 537 2258 quere
559 2171 730 2256 quisquam
754 2172 856 2258 magis
878 2171 987 2236 omnis
1009 2172 1103 2236 tollat

246 2287 280 2342 et
303 2277 383 2341 velit
405 2275 528 2340 ardoris
549 2283 700 2340 naturam
723 2275 867 2361 linquere
890 2276 999 2354 solam,

246 2404 341 2467 quam
367 2388 466 2467 neget
488 2401 559 2444 esse
580 2379 675 2466 ignis
697 2379 820 2465 quiduis
841 2389 952 2444 temen
974 2402 1043 2445 esse
1066 2351 1267 2494 relinqust2‘

245 2507 349 2570 aeque
371 2483 501 2548 videtur
524 2484 611 2549 enirn
633 2483 799 2548 dementia
819 2483 924 2549 dicere
946 2469 1144 2592 utrumque]

290 2588 496 2673 Quapropter
519 2587 577 2671 qui
599 2587 767 2652 materiem
789 2609 896 2652 rerum
920 2610 989 2653 esse
1011 2596 1170 2674 putarunt
1301 2603 1362 2670 705

247 2691 354 2777 ignem
378 2699 477 2775 atque
500 2712 541 2754 ex
563 2689 633 2775 igni
656 2712 815 2754 summam
838 2690 1010 2757 consistere
1032 2714 1132 2778 posse,

247 2804 281 2859 et
304 2794 361 2879 qui
383 2792 580 2878 principium
602 2791 777 2879 gignundis
798 2816 874 2858 aere
894 2795 1000 2859 rebus‘

240 2896 453 2981 ¹constituere,
476 2902 535 2958 sut
558 2916 704 2958 umorem
726 2896 921 2982 quicumque
943 2906 1101 2982 putarunt

248 3003 370 3088 fingere
392 3021 444 3064 res
466 2999 575 3085 ipsum
597 3022 656 3085 per
678 3022 720 3077 se,
742 3009 1031 3096 terramye'cresre
1053 3069 1054 3076 χ

248 3104 358 3168 omnis,
379 3112 413 3168 et
435 3103 470 3167 in
492 3125 601 3168 rerum
624 3112 755 3168 naturas
778 3089 897 3169 vertici
918 3099 1030 3181 omniu,
1302 3123 1367 3188 710

249 3230 365 3295 magno
387 3229 484 3293 opere
506 3229 527 3270 a
549 3228 623 3271 vero
647 3207 741 3294 longe
764 3208 905 3272 derrasse
928 3189 1101 3303 videntum(
1162 3218 1163 3222 ’

248 3312 331 3376 adde
354 3311 454 3375 etism
477 3311 534 3396 qui
557 3311 785 3396 conduplicant
807 3312 981 3398 primordia
1001 3336 1108 3378 rerum

248 3437 323 3479 aere
345 3414 519 3500 iungentes
541 3413 611 3500 igni
633 3424 816 3499 terramque
839 3415 964 3500 liquori,

249 3528 283 3583 et
306 3517 365 3604 quil
385 3525 547 3604 quattuor·
565 3540 605 3582 ex
627 3517 724 3582 rebus
745 3540 837 3604 posse
860 3519 967 3584 omnis
988 3528 1102 3585 rentur

249 3643 289 3685 ex
312 3621 381 3707 igni
403 3629 491 3684 terra
512 3628 612 3705 atque
635 3621 744 3684 anime
766 3643 962 3706 procrescere
986 3630 1020 3686 et
1042 3603 1165 3715 imbrii
1304 3637 1365 3704 715

248 3746 385 3809 quorum
408 3723 649 3810 Acragantinus
672 3746 745 3787 oum
768 3723 881 3809 primis
904 3724 1113 3810 Empedocles
1135 3734 1194 3802 est,

163 3903 248 3953 which
262 3902 342 3952 Lnoh.
355 3902 459 3951 retains.
494 3901 627 3952 Candidus
643 3906 670 3951 st
685 3902 735 3951 end
751 3903 779 3952 of
791 3903 863 3952 Junt.
880 3905 947 3952 ‘ulio
963 3918 1009 3966 pro
1025 3905 1075 3952 alii
1090 3903 1210 3966 positum.
1248 3907 1310 3954 sunt
1325 3904 1371 3966 qui

163 3987 219 4035 olio
230 3984 339 4047 legunt',
353 3983 392 4033 ie.
408 3983 473 4033 Mer.
544 3971 591 4032 683
603 3991 717 4032 crearent
728 3983 817 4034 Lamb.
833 3984 888 4032 first
901 3985 939 4033 sor
950 3993 1053 4034 crearet.
1120 3985 1168 4036 oto
1179 3985 1369 4048 iomchorr.

164 4068 203 4116 lor
214 4071 250 4130 iq.
263 4082 325 4116 rtem.
426 4065 474 4116 703
486 4067 588 4127 quidvis
600 4064 680 4114 Lech.
714 4081 832 4114 sommum
843 4065 910 4115 Nico.
923 4066 976 4116 snd
987 4067 1022 4116 sll
1033 4065 1206 4116 beforeIisch.
1239 4067 1284 4115 AB
1297 4066 1370 4117 Gou.

164 4149 229 4197 omit
246 4148 291 4197 the
307 4145 385 4206 word,
404 4145 489 4195 which
506 4149 578 4194 must
595 4146 625 4194 be
642 4146 785 4195 unoertsiu.
917 4148 964 4198 708
977 4156 1102 4210 putamur
1119 4148 1189 4197 Nico.
1206 4147 1229 4196 B
1247 4161 1311 4199 corr.
1332 4148 1371 4197 for

161 4235 287 4292 putantur
298 4228 328 4286 B,
341 4229 363 4276 A
374 4242 448 4285 corr..
457 4235 552 4290 putant
564 4227 586 4274 A
597 4242 621 4289 p.
632 4242 668 4275 m.
767 4229 815 4279 710
826 4231 918 4277 vertier
928 4229 949 4277 B
962 4243 1027 4278 corr.
1039 4229 1109 4278 Nico.
1122 4229 1162 4278 for
1172 4232 1245 4280 verti.

214 4311 261 4362 711
275 4312 344 4372 lotoe
356 4312 468 4359 demorsa
480 4309 540 4358 Vut.
553 4309 625 4370 3275,
640 4307 692 4358 and
703 4308 791 4358 unless
802 4311 815 4358 I
828 4325 868 4359 err
884 4310 948 4359 1136
962 4311 1064 4374 Othob.,
1079 4311 1118 4360 for
1134 4312 1203 4374 tuot
1216 4311 1328 4362 worse
1344 4313 1374 4362 ol
