3008 4800
736 229 765 291 V

231 401 304 478 post
326 392 384 457 ubi
406 415 500 456 ecum
523 390 650 455 validae
674 389 758 453 vires
780 398 890 454 aetate
914 398 1044 454 senecta

232 496 439 580 membraque
462 494 622 559 deficiunt
645 493 787 580 fugienti
810 492 966 579 languida
988 492 1063 567 vita,

233 608 304 662 tum
327 599 458 662 demum
481 619 582 683 puero
606 597 654 659 illi
676 617 756 660 aevo
779 596 917 659 florente
939 596 1088 658 iuventas

232 701 349 786 occipit
372 709 405 765 et
428 700 516 764 molli
541 700 641 763 vestit
665 699 819 784 lanugine
842 699 951 763 malas.

169 889 171 893 y
233 827 273 869 ne
296 804 377 868 forte
400 826 439 868 ex
463 802 595 866 homine
618 811 652 866 et
675 803 821 867 veterino
843 803 968 866 semine
991 824 1146 887 equorum

232 906 362 971 confieri
384 907 496 971 credas
519 905 701 972 Centauros
723 927 816 990 posse
838 928 945 991 neque
968 927 1044 982 esse,

232 1018 291 1073 aut
313 1009 434 1073 rabidis
456 1008 592 1074 canibus
614 1009 794 1073 succinctas
816 1008 1033 1073 semimarinis

232 1111 417 1196 corporibus
439 1111 564 1197 Scyllas
586 1120 622 1175 et
644 1120 754 1177 cetera
774 1112 816 1176 de
838 1134 957 1198 genere
980 1112 1103 1187 horum,

233 1215 319 1279 inter
339 1236 375 1279 se
397 1237 534 1300 quorum
557 1215 718 1280 discordia
740 1215 887 1280 membra
909 1216 1074 1296 videmus;

232 1341 315 1403 quae
338 1341 444 1404 neque
466 1319 641 1384 florescunt
663 1319 787 1404 pariter
810 1342 869 1384 nec
892 1320 1006 1384 robora
1028 1330 1160 1384 sumunt

233 1422 418 1506 corporibus
440 1444 547 1507 neque
569 1423 733 1508 proiciunt
755 1432 864 1487 aetate
887 1431 1018 1488 senecta

232 1546 292 1588 neo
314 1525 414 1589 simili
436 1527 564 1591 Venere
587 1527 761 1591 ardescunt
784 1549 844 1591 nec
867 1526 1011 1591 moribus
1034 1526 1106 1590 unis

216 1630 440 1712 conveniunt,
461 1652 568 1715 neque
590 1638 669 1694 sunt
692 1630 805 1695 eadem
828 1629 971 1694 iucunda
993 1651 1051 1715 per·
1071 1599 1189 1710 artusl

232 1733 354 1818 quippe
376 1734 485 1798 videre
509 1734 586 1798 licet
608 1733 820 1820 pinguescere
842 1753 940 1818 saepe
962 1732 1069 1796 cicuta

232 1835 418 1922 barbigeras
440 1836 589 1923 pecudes,
613 1835 739 1901 homini
761 1857 844 1921 quae
868 1843 918 1899 est
941 1857 1013 1899 acre
1035 1810 1220 1949 venenum(

234 1939 365 2004 flamma
387 1941 519 2025 quidem
542 1963 613 2006 nero
636 1963 710 2004 cum
734 1961 867 2025 corpora
889 1938 979 2002 fulva
1000 1938 1129 2003 leonum

234 2052 302 2108 tam
324 2044 427 2110 soleat
450 2053 570 2110 torrere
594 2054 694 2130 atque
717 2066 810 2109 urere
832 2066 931 2129 quam
953 2065 1057 2130 genus
1079 2066 1172 2108 omne

192 2208 197 2215 .
232 2150 362 2215 visceris
383 2149 417 2214 in
441 2149 536 2213 terris
559 2149 787 2234 quodcumque
810 2157 845 2213 et
867 2148 1035 2234 sanguinis
1057 2156 1155 2222 extet,

234 2253 290 2338 qui
313 2252 383 2318 fieri
405 2252 523 2339 potuit,
547 2252 670 2339 triplici
692 2274 767 2316 cum
789 2273 920 2336 corpore
943 2259 982 2316 ut
1003 2273 1077 2326 uns,

232 2358 337 2442 prima
359 2357 419 2435 leo,
441 2365 605 2442 postrema
626 2356 732 2432 draco,
754 2354 863 2420 media
885 2354 965 2440 ipsa,
988 2353 1162 2420 Chimaera

233 2483 287 2526 ore
309 2461 392 2526 foras
406 2483 521 2526 acrem
544 2460 641 2525 flaret
663 2460 704 2525 de
727 2481 858 2546 corpore
882 2461 1046 2522 flammam
1061 2439 1089 2541 ll

233 2588 333 2651 quare
355 2565 456 2629 etiam
478 2564 597 2629 tellure
619 2586 707 2629 nova
727 2564 880 2648 caeloque
903 2563 1027 2628 recenti

233 2668 312 2732 talia
335 2668 391 2753 qui
414 2667 511 2754 fingit
533 2667 678 2752 potuisse
701 2666 856 2730 animalia
881 2666 982 2752 gigni,

234 2772 330 2836 nixus
352 2772 387 2834 in
409 2771 470 2835 hoc
491 2793 558 2834 uno
581 2770 737 2835 novitatis
759 2769 890 2834 nomine
914 2769 1011 2843 inani,

235 2876 339 2941 multa
361 2876 437 2940 licet
459 2875 559 2939 simili
582 2875 709 2938 ratione
731 2874 862 2937 effutiat
885 2895 947 2948 ore,

234 3003 332 3045 aurea
353 2989 426 3044 tum
449 2978 537 3043 dicat
559 3000 619 3064 per
641 2989 744 3041 terras
766 2976 905 3040 flumina
926 2975 1023 3061 vulgo

234 3084 364 3149 fluxisse
387 3091 422 3147 et
443 3081 583 3168 gemmis
605 3081 718 3145 florere
741 3081 876 3144 arbusta
897 3089 1006 3144 suesce

233 3196 291 3253 aut
314 3186 479 3251 hominem
502 3193 596 3249 tanto
620 3185 839 3249 membrorum
862 3205 932 3248 esse
954 3184 1076 3269 impete
1099 3192 1222 3260 natum,
1250 3173 1253 3179 ⁶

235 3302 323 3356 trans
347 3290 449 3354 maria
471 3290 540 3354 alta
561 3289 683 3375 pedum
706 3289 797 3353 nisus
821 3297 860 3352 ut
884 3310 1003 3374 ponere
1026 3296 1134 3378 posset

234 3405 269 3460 et
291 3394 442 3459 manibus
465 3401 574 3458 totum
597 3393 720 3457 circum
742 3415 777 3457 se
799 3401 926 3457 vertere
948 3393 1081 3456 caelum.
1292 3408 1352 3473 915

235 3522 311 3564 nam
333 3498 420 3585 quod
442 3499 548 3563 multa
570 3498 661 3562 fuere
684 3498 718 3560 in
742 3496 838 3560 terris
859 3497 985 3561 semina
1006 3518 1112 3560 rerum

149 3749 218 3800 Flor.
230 3751 261 3799 31
274 3749 369 3798 Camb‘
467 3750 656 3799 885·lactoatio
668 3749 736 3797 Flor.
750 3749 781 3797 31
794 3748 865 3797 Mon.
879 3749 938 3796 Ver.
951 3748 1013 3797 Ven.
1029 3737 1068 3796 for
1080 3749 1210 3797 melantia.
1244 3759 1352 3812 quaeret.

149 3824 250 3894 quaerit
261 3831 332 3878 Mon.
344 3830 420 3879 Pont.
432 3830 489 3880 Ald.
506 3831 520 3878 l
532 3830 548 3877 J
550 3833 606 3878 unt.
619 3829 712 3886 Lamb.
813 3831 862 3878 888
875 3831 1007 3891 puerculi
1019 3829 1066 3879 Ed.
1082 3829 1121 3878 for
1134 3831 1238 3891 puerili.
1270 3833 1357 3893 pueris
1373 3872 1375 3875 .

149 3913 245 3962 Avcnc.
257 3911 347 3960 Lamb.
359 3910 455 3973 Laoh.;
472 3909 584 3974 perhaps
596 3911 672 3960 Lucr.
685 3914 764 3959 wrote
778 3925 856 3972 puero
869 3913 898 3958 11.
1021 3912 1069 3960 889
1083 3911 1180 3972 occipit
1192 3909 1256 3962 Mar.
1271 3911 1328 3961 Ald.
1341 3913 1355 3960 1

94 4024 96 4028 v
149 3993 165 4041 J
167 3997 222 4042 unt.
235 3994 275 4042 for
287 3994 378 4054 Officit.
499 3993 548 4042 892
559 3993 659 4040 rabidis
672 3991 765 4040 Heius.
778 3991 805 4039 in
818 4004 866 4041 ms.
882 3993 965 4048 notes,
978 3989 1029 4039 and
1039 3990 1123 4040 Bentl.
1138 3990 1177 4039 for
1188 3992 1296 4054 rapidis:
1314 4005 1356 4040 see

149 4091 175 4125 ιν
187 4078 243 4127 712.
342 4074 391 4126 896
399 4077 531 4138 proiciunt
543 4073 636 4122 Lamb.
649 4073 678 4120 in
689 4075 765 4122 notos
776 4076 804 4121 to
815 4072 855 4122 ed.
868 4074 883 4119 2
895 4071 948 4121 and
959 4072 985 4120 in
997 4072 1035 4122 ed.
1049 4075 1072 4130 3,
1084 4072 1149 4122 after
1160 4071 1303 4134 Turnebus,
1317 4073 1356 4122 lor

147 4161 291 4223 proficiunt.
425 4157 473 4208 901
485 4173 543 4206 vcro
555 4155 639 4205 added
650 4154 685 4218 by
695 4155 752 4205 Ald.
767 4157 780 4203 1
792 4154 866 4204 Jnnt.
880 4155 937 4220 (not
948 4156 1023 4204 Pont.
1035 4169 1064 4204 or
1076 4154 1150 4216 Mar.)
1162 4155 1229 4219 vulg.
1244 4157 1357 4220 Denique

88 4230 98 4236 '⁴
143 4239 298 4304 s.q.1mh.
331 4237 629 4301 Ardcadpncaothers.
731 4237 780 4287 904
792 4244 821 4286 ut
831 4253 885 4286 uno
895 4236 967 4285 Brix.
980 4236 1054 4286 Pont.
1069 4237 1163 4288 Arane.
1178 4237 1217 4286 for
1228 4245 1258 4286 ut
1271 4253 1354 4288 anam.

148 4326 237 4377 imma
253 4323 319 4373 Mar.
336 4322 410 4374 tunt.
535 4321 583 4372 906
596 4324 670 4385 foras
687 4321 799 4383 Nauger.
817 4321 857 4369 for
869 4322 950 4382 seras.
981 4322 1056 4383 feroc
1072 4319 1146 4369 Pont.
1164 4319 1240 4387 Junl.
1271 4321 1357 4382 serem

147 4405 213 4459 lter.
323 4402 372 4458 914
385 4419 478 4470 ponere
495 4404 517 4453 B
536 4419 601 4453 corr.
620 4404 687 4453 Mar.
705 4403 779 4453 Junt.
797 4403 837 4451 for
851 4403 967 4465 pondere.
1001 4404 1110 4465 pandere
1127 4404 1221 4454 Avsnc.
1310 4405 1357 4456 923
