3008 4800
746 230 763 293 1
1304 236 1347 315 69

271 389 445 473 Linquitur
469 388 521 451 hic
544 388 703 472 quaedam
727 389 881 453 latitandi
905 390 997 474 copia
1020 391 1136 465 tenvis,
1284 397 1344 475 875

223 493 256 556 id
279 493 363 577 quod
386 494 594 577 Anaxagoras
617 493 679 556 sibi
703 494 813 569 sumit,
838 504 876 557 ut
899 495 1051 558 omnibus
1074 497 1178 560 omnis
1243 526 1246 532 ·

224 617 272 659 res
294 605 390 679 putet
412 595 567 658 inmixtas
590 596 686 659 rebus
709 594 850 672 latitare,
873 598 931 661 sed
955 598 1037 662 illud

224 720 376 784 apparere
399 721 502 762 unum
525 699 618 762 cuius
641 700 708 763 sint
732 700 874 784 plurima
897 700 1002 764 mixta

225 811 259 865 et
281 801 382 886 magis
404 801 438 865 in
461 810 613 887 promptu
637 802 808 886 primaque
832 803 866 865 in
890 804 995 868 fronte
1019 780 1145 898 locatal

226 902 309 988 quod
333 911 444 966 tamen
467 925 487 967 a
509 925 585 968 vera
607 904 702 990 longe
724 905 850 969 ratione
874 891 1099 992 r·epulsumst.l
1287 912 1350 973 880

225 1005 435 1070 conveniebat
457 1006 544 1070 enim
568 1007 677 1093 fruges
698 1029 828 1093 quoque
851 1030 957 1094 saepe,
980 1009 1099 1074 minaci
1394 998 1405 1011 '⁴

225 1109 335 1172 robore
359 1131 432 1173 cum
455 1110 525 1173 saxi
548 1110 753 1196 franguntur,
776 1111 909 1177 mittere
932 1112 1062 1199 signum

227 1213 392 1298 sanguinis
413 1221 473 1277 aut
495 1212 628 1298 aliquid,
650 1223 760 1278 nostro
783 1237 867 1300 quae
890 1237 1021 1301 corpore
1044 1194 1203 1326 aluntur.)

140 1315 200 1393 885
226 1314 383 1378 consimili
405 1315 529 1379 ratione
553 1315 660 1379 herbis
683 1337 812 1401 quoque
835 1339 932 1403 saepe
954 1317 1100 1395 decebat,

142 1421 207 1498 884
228 1440 300 1482 cum
324 1418 424 1503 lapidi
446 1418 481 1482 in
504 1417 646 1504 lapidem
668 1419 814 1496 terimus,
838 1443 968 1486 manare
992 1443 1155 1500 cruorem3
1287 1423 1346 1500 885

228 1530 262 1585 et
284 1521 396 1586 latices
417 1521 521 1585 dulcis
543 1530 657 1608 guttas
679 1523 844 1607 similique
867 1546 980 1609 sapore

230 1625 368 1702 mittere,
391 1625 554 1712 lanigerae
577 1625 666 1711 quali
688 1635 767 1690 sunt
791 1627 889 1692 ubere
913 1629 1013 1705 lactis,

229 1728 350 1792 scilicet
373 1737 408 1799 et
431 1729 537 1815 glebis
559 1738 719 1794 terrarum
742 1752 838 1815 saepe
861 1731 966 1795 friatis

230 1832 401 1896 herbarum
423 1854 543 1919 genera
565 1842 599 1897 et
622 1834 732 1920 fruges
756 1835 949 1920 frondesque
971 1834 1076 1899 videri

229 1935 399 2020 dispertita
420 1936 504 2002 inter
526 1946 645 2000 terram
669 1937 800 2002 latitare
823 1938 960 2015 minute,
1287 1940 1351 2018 890
1451 1971 1454 1979 v

230 2049 391 2126 postremo
414 2041 449 2104 in
471 2040 569 2127 lignis
592 2039 732 2105 cinerem
756 2042 948 2127 fumumque
972 2040 1083 2118 videri,

231 2167 304 2208 cum
327 2144 507 2228 praefracta
529 2144 642 2221 forent,
665 2145 816 2232 ignisque
840 2147 941 2210 latere
964 2125 1135 2248 minutoal

232 2270 367 2332 quorum
390 2248 437 2312 nil
460 2248 530 2313 fieri
553 2248 704 2334 quoniam
729 2248 904 2312 manifesta
926 2248 1021 2312 docet
1044 2271 1103 2324 rea,

232 2350 311 2414 scire
335 2350 411 2415 licet
433 2372 497 2414 non
520 2372 589 2415 esse
612 2351 647 2414 in
669 2351 767 2415 rebus
790 2373 840 2414 rea
862 2351 911 2414 ita
933 2352 1077 2430 mixtas,¹

233 2476 343 2518 verum
366 2453 490 2518 semina
511 2453 714 2519 multimodis
737 2455 875 2519 inmixta
898 2457 999 2521 latere
1290 2458 1349 2534 895

237 2557 411 2621 multarum
433 2579 542 2622 rerum
565 2557 600 2621 in
621 2557 719 2622 rebus
740 2559 927 2622 communia
948 2548 1077 2635 deberit.

277 2661 343 2724 ‘At
366 2682 461 2745 saepe
483 2659 518 2723 in
541 2662 668 2746 magnis
690 2661 729 2725 fit
752 2661 935 2726 montibus'
959 2640 1068 2748 inquil
1091 2670 1147 2725 ‘ut
1169 2660 1244 2724 altis

234 2763 400 2828 arboribus
423 2763 529 2828 vicina
551 2765 720 2828 cacumina
742 2787 871 2828 summa
894 2774 1044 2829 terantur
1078 2747 1082 2761 ⁸

235 2866 318 2930 inter
339 2889 382 2943 se,
405 2866 520 2931 validis
543 2867 646 2932 facere
669 2867 703 2931 id
725 2867 919 2953 cogentibus
941 2868 1070 2944 austris,

234 2970 334 3035 donec
356 2970 499 3035 flammai
522 2970 683 3036 fulserunt
706 2971 783 3034 flore
806 2980 915 3036 coorto
925 2951 955 3064 ll
1290 2987 1355 3050 900

235 3073 356 3138 scilicet
378 3083 412 3138 et
434 3096 499 3138 non
521 3084 574 3138 est
596 3074 693 3160 lignis
715 3081 828 3138 tamen
850 3073 969 3138 insitus
992 3073 1085 3160 ignia,

236 3198 345 3240 verum
368 3176 493 3240 semina
514 3184 592 3240 sunt
613 3176 735 3240 ardoris
758 3177 872 3254 multa,
896 3176 1030 3241 terendo

235 3303 316 3366 quae
338 3303 412 3345 oum
435 3281 627 3358 confluxere,
649 3291 761 3346 creant
784 3281 935 3345 incendia
956 3252 1075 3404 silvis·

148 3488 296 3535 exoriuntur
312 3484 375 3534 uith
392 3485 461 3534 Flor.
479 3485 510 3534 91
528 3484 618 3533 (lamb.
635 3488 684 3533 etc.
812 3486 859 3533 882
877 3500 933 3534 cam
948 3487 1013 3533 acxi-
1024 3483 1089 3532 Mar.
1107 3482 1164 3531 Ald.
1185 3484 1197 3530 1
1215 3481 1286 3531 June.
1307 3484 1355 3529 eto.

150 3568 190 3616 lor
206 3583 261 3616 cum
277 3570 305 3615 in
321 3570 387 3616 saxi.
485 3567 533 3615 884
550 3568 599 3616 885
615 3566 712 3629 rightly
729 3566 883 3628 transposed
900 3567 933 3629 by
949 3566 982 3615 N.
995 3566 1023 3615 P.
1040 3563 1169 3614 Howard:
1193 3578 1234 3613 see
1250 3567 1324 3612 notes
1341 3564 1355 3610 2

150 3649 190 3698 for
206 3650 370 3712 explanation
388 3650 416 3698 of
431 3649 475 3698 the
491 3649 573 3698 whole
593 3663 700 3711 passage
720 3649 747 3696 in
769 3647 853 3696 which
874 3647 952 3696 much
972 3646 1087 3696 needless
1107 3644 1206 3707 change
1225 3643 1273 3693 has
1292 3644 1357 3693 been

150 3732 239 3780 made:
268 3734 314 3781 884
335 3735 362 3780 in
384 3746 435 3781 om.
455 3731 520 3780 Mar.
538 3731 612 3780 Junt.
630 3735 678 3780 etc.
697 3734 788 3787 ‘recta
806 3733 835 3778 ut
858 3735 930 3792 puto,
949 3729 999 3778 etsi
1022 3743 1068 3777 cur
1090 3727 1179 3777 addita
1202 3727 1236 3776 sit
1258 3729 1353 3789 [praep

150 3804 514 3874 ia]nonintellcgo‘Lach.'
604 3812 787 3862 terimueNico.
801 3812 969 3862 fortericiam.
1079 3812 1127 3860 885
1144 3811 1233 3860 arta.
1269 3810 1356 3857 turbae

151 3895 215 3944 Mar.
233 3895 289 3944 Ald.
309 3898 321 3943 l
339 3897 412 3945 Junt.
430 3895 509 3943 Lach.
527 3894 611 3956 vulgo
741 3895 789 3943 886
810 3897 907 3942 latices.
943 3895 1029 3942 laticis
1046 3893 1114 3941 Flor.
1133 3893 1163 3940 31
1182 3891 1269 3940 camb.
1288 3891 1355 3951 vulg.

150 3976 228 4028 Lech.
246 3977 365 4039 wrongly.
541 3978 588 4027 887
611 3978 685 4038 quali
707 3976 738 4032 Β,
757 3978 842 4038 qualis
865 3978 894 4036 A,
915 3978 1001 4039 qrrales
1024 3976 1046 4023 A
1068 3988 1131 4023 corr.
1150 3973 1217 4023 Nica.
1238 3972 1306 4022 Flor.
1325 3972 1356 4019 al

151 4060 239 4111 Gamb.
338 4062 418 4108 ubere.
452 4061 530 4107 obera
546 4059 652 4108 hamb:
675 4058 720 4108 the
737 4063 810 4107 exact
827 4058 933 4120 reading
949 4057 972 4107 is
989 4057 1131 4106 uncertain.
1227 4055 1274 4104 890
1292 4056 1358 4102 iuter

152 4152 243 4192 terram
254 4141 330 4191 Laoh.
345 4142 402 4190 first
413 4141 453 4189 for
464 4143 493 4189 in
505 4149 612 4189 terram:
630 4141 701 4190 older
712 4140 809 4189 editors
821 4141 886 4189 have
897 4139 1040 4189 blundered
1052 4137 1191 4199 strangely.

186 4225 232 4276 893
254 4239 292 4273 res
315 4221 397 4272 added
419 4222 451 4284 by
473 4222 544 4270 Nicc.
567 4221 589 4269 B
612 4237 676 4271 corr.
702 4227 750 4272 etc.
920 4222 968 4271 908
984 4222 1101 4283 flauam
1124 4219 1199 4267 Pont.
1222 4217 1295 4266 Junr.
1319 4219 1359 4266 tor

145 4307 281 4368 flammae:
309 4319 325 4353 a
347 4304 438 4366 simple
460 4303 612 4360 correction,
635 4308 678 4364 yet
701 4301 853 4351 overlooked
876 4302 909 4362 by
932 4314 1011 4361 many
1033 4301 1062 4348 of
1088 4299 1133 4347 the
1159 4298 1225 4347 later
1248 4297 1358 4348 editors:

151 4401 214 4437 even
242 4386 349 4447 Nauger.
374 4383 422 4434 has
450 4385 510 4433 here
538 4384 655 4433 deserted
682 4385 755 4434 Junt.
786 4382 838 4432 and
866 4381 940 4431 reads
965 4382 1095 4444 fulserunt
1118 4383 1235 4444 fleotomo
1258 4381 1358 4442 fulgore
