3008 4800
743 207 793 270 IV

255 395 332 435 nam
355 355 493 436 dubium
516 394 581 436 non
604 380 663 448 est,
685 371 806 435 animai
828 371 906 456 quin
928 394 1024 456 opera
1046 371 1089 435 sit

255 498 369 539 sensus
391 476 444 539 hic
468 477 502 540 in
524 476 625 554 nobis,
648 498 742 561 quem
767 498 841 540 curn
864 498 955 560 sopor
977 476 1103 560 inpedit
1125 497 1202 550 esse,

256 587 328 643 tum
351 578 444 642 nobis
466 579 608 643 animam
631 578 854 663 perturbatam
877 601 945 643 esse
967 579 1181 665 putandumst

254 684 456 768 eiectamque
479 684 580 761 foras3
612 704 676 745 non
698 703 845 761 omnem;
874 704 1012 767 namque
1034 684 1152 746 iaceret

253 796 387 851 aeterno
409 808 525 872 corpus
547 787 713 870 perfusum
736 786 852 871 frigore
876 752 957 892 letil

254 890 376 976 quippe
398 889 456 953 ubi
479 889 570 952 nulla
591 888 696 951 latens
718 886 838 950 animai
859 909 933 972 pars
955 898 1135 953 remaneret

254 993 289 1056 in
312 992 475 1070 membris
497 993 604 1056 cinere
627 999 666 1055 ut
690 990 794 1055 multa
815 990 897 1055 latet
919 991 1053 1056 obrutus
1075 993 1167 1079 ignis,

254 1097 342 1161 unde
364 1096 531 1160 reconflari
554 1115 667 1158 sensus
689 1116 746 1178 per
769 1094 913 1158 membra
934 1103 1067 1178 repente

255 1207 372 1284 posset,
396 1206 434 1262 ut
456 1219 496 1261 ex
519 1197 588 1282 igni
612 1217 704 1260 caeco
727 1217 915 1280 consurgere
939 1165 1110 1302 flammat}

298 1300 364 1364 Sed
386 1299 506 1384 quibus
529 1299 609 1362 haec
630 1298 727 1362 rebus
749 1298 876 1362 novitas
899 1299 1015 1363 confiat
1038 1311 1072 1364 et
1093 1301 1180 1365 unde

255 1401 441 1486 perturbari
463 1401 573 1464 anima
595 1408 629 1464 et
651 1422 765 1485 corpus
787 1400 991 1486 languescere
1012 1402 1122 1487 possit,

254 1504 443 1589 expediam:
474 1511 511 1568 tu
535 1504 584 1567 fac
607 1525 648 1567 nc
671 1503 777 1567 ventis
800 1503 897 1567 verba
918 1488 1134 1610 profundam}

254 1606 411 1692 principio
434 1614 570 1670 externa
591 1628 711 1691 corpus
727 1606 768 1670 de
791 1616 883 1691 parte
904 1629 1070 1671 necessum
1093 1616 1151 1686 est,

253 1709 349 1774 aeriis
370 1709 525 1794 quoniam
548 1708 691 1772 vicinum
712 1709 860 1794 tangitur
881 1709 974 1786 auris,

252 1812 385 1878 tundier
406 1820 506 1897 atque
529 1812 598 1876 eius
621 1812 730 1877 crebro
752 1811 908 1897 pulsarier
930 1813 1007 1891 ictu,

253 1925 489 2004 proptereaque
512 1916 578 1980 fere
600 1937 651 1980 res
673 1937 784 1980 omnes
805 1924 864 1981 aut
885 1917 969 1981 corio
991 1925 1067 1981 sunt

253 2031 313 2087 aut
335 2022 436 2088 etiam
458 2021 587 2087 conchis
609 2030 669 2085 aut
690 2021 770 2085 callo
793 2031 851 2086 aut
872 2023 989 2086 cortice
1011 1999 1145 2109 tectael

252 2127 440 2191 interiorem
464 2127 563 2191 etiam
586 2133 713 2211 partem
735 2125 932 2211 spirantibus
954 2149 1008 2190 aer

253 2230 403 2294 verberat
425 2230 479 2293 hic
502 2229 597 2304 idem,
619 2250 693 2292 cum
716 2228 847 2292 ducitur
867 2238 965 2314 atque
988 2207 1142 2314 reflaturl

253 2356 352 2419 quare
375 2335 542 2419 utrimque
564 2354 655 2396 secus
677 2353 751 2396 cum
774 2354 887 2418 corpus
911 2335 1041 2418 vapulet
1064 2344 1097 2399 et
1120 2358 1194 2399 cum

251 2438 444 2523 perveniant
465 2436 581 2523 plagae
603 2458 662 2521 per
683 2457 782 2520 parva
803 2436 958 2501 foramina
979 2439 1071 2502 nobis

251 2542 392 2628 corporis
414 2541 456 2606 ad
477 2541 598 2628 primas
621 2540 723 2625 partis
746 2539 968 2626 elementaque
991 2543 1103 2627 prima,

252 2646 291 2711 fit
313 2646 406 2732 quasi
428 2638 588 2731 paulatim
611 2644 704 2708 nobis
725 2667 783 2731 per
807 2646 951 2709 membra
972 2630 1092 2752 ruina.)

252 2748 489 2816 conturbantur
512 2750 599 2814 enim
622 2749 786 2834 positurae
809 2748 1037 2834 principiorum

251 2853 391 2938 corporis
413 2862 513 2938 atque
535 2827 669 2945 animil
690 2851 729 2915 fit
751 2852 803 2915 uti
824 2874 897 2936 pars
919 2852 994 2917 inde
1016 2854 1135 2918 animai

251 2957 388 3021 eiciatur
411 2965 445 3021 et
468 2956 643 3019 introrsum
665 2976 738 3039 pars
761 2954 873 3019 abdita
895 2956 996 3032 cedat,

252 3082 325 3145 pars
349 3059 449 3124 etiam
472 3059 628 3123 distracta
649 3080 708 3143 per
728 3068 819 3123 artus
841 3081 905 3122 non
927 3069 1025 3144 queat
1048 3083 1116 3125 esse

251 3161 425 3226 coniuncta
447 3161 534 3225 inter
555 3183 589 3224 se
610 3183 716 3246 neque
738 3174 829 3226 motu
853 3171 967 3226 mutua
984 3163 1099 3249 ,fungi3

250 3248 337 3329 inter
359 3265 447 3328 enim
470 3264 575 3349 saepit
599 3273 709 3329 ooetus
730 3274 849 3346 natura
871 3265 1022 3350 viasque;

251 3391 326 3454 ergo
350 3390 463 3433 sensus
486 3368 556 3431 abit
578 3368 715 3432 mutatis
737 3368 881 3433 motibus
903 3370 976 3434 alte.
995 3354 1002 3457 l

250 3480 285 3536 et
307 3472 460 3556 quoniam
484 3494 548 3535 non
571 3480 620 3536 est
643 3472 735 3556 quasi
757 3472 843 3557 quod
865 3473 1026 3537 suffulciat
1049 3482 1147 3550 artus
1301 3492 1368 3558 950

250 3573 356 3638 debile
379 3574 418 3638 fit
441 3596 556 3658 corpus
578 3575 855 3660 languescuntque
874 3577 985 3639 >omnia
1007 3577 1159 3652 membra,

249 3676 398 3740 bracchia
421 3676 659 3761 palpebraeque
682 3676 803 3740 cadunt
825 3676 1026 3762 poplitesque
1050 3679 1183 3743 cubanti

162 3869 285 3920 ABNicc.
323 3872 436 3918 Tutemet
445 3869 513 3931 vulg.
523 3868 603 3918 Lech.
670 3872 718 3920 928
729 3872 815 3921 Posset
826 3872 905 3920 Lech.
918 3872 957 3920 lor
968 3874 1058 3921 Possit.
1125 3874 1365 3938 929coofiotPont.

162 3952 408 4016 Laoh.forconflol.
442 3954 561 4014 confletur
571 3938 640 4001 Flor.
655 3953 685 3999 31
697 3952 787 4001 Lamb.
800 3953 868 4015 vulg.
1001 3956 1050 4005 934
1061 3959 1124 4005 eius.
1158 3958 1257 4005 obibus
1269 3956 1365 4008 Lech:

161 4035 384 4084 butranotesr.
499 4035 547 4084 944
552 4037 588 4098 fit
599 4035 776 4086 utiABNioo.
791 4036 860 4086 Flor.
873 4039 904 4085 31
916 4037 1003 4087 Gamb.
1036 4041 1113 4088 sicuti
1125 4039 1194 4087 Brix.
1229 4042 1295 4089 sicat
1307 4039 1365 4089 Ver.

163 4115 226 4165 Ven.
260 4119 306 4173 rio,
318 4124 348 4164 ut
359 4117 434 4165 Pont.
449 4117 514 4165 Mar.
528 4117 594 4179 vulg.
610 4118 730 4180 wrongly.
829 4121 877 4169 945
888 4122 1008 4169 Eiciotur
1019 4121 1106 4172 Lamb.
1121 4121 1160 4170 for
1171 4124 1310 4172 Eliciotor.

194 4199 242 4248 962
254 4198 311 4256 963,
324 4198 424 4260 though
436 4199 558 4261 perfectly
571 4198 663 4258 round,
676 4214 719 4249 are
729 4199 808 4249 much
818 4201 953 4263 corrupted
969 4202 1002 4265 by
1013 4203 1103 4252 Lamb.
1115 4203 1210 4253 Greech
1226 4204 1294 4267 vulg.
1329 4207 1363 4257 Is.

162 4278 278 4329 Vossius’
290 4294 339 4328 ms.
356 4283 417 4328 note
430 4279 454 4328 is
465 4279 548 4328 worth
563 4281 678 4343 quoting,
691 4295 720 4330 as
735 4281 844 4331 Havero.
860 4282 914 4332 ond
927 4283 1030 4346 Preiger
1040 4284 1228 4347 misrepreseut,
1241 4286 1294 4335 and
1305 4302 1364 4337 oon-

162 4362 298 4423 sequently
310 4361 385 4410 Wak.
399 4362 450 4410 and
462 4361 541 4412 Lech.
557 4361 757 4426 misapprehend
772 4364 811 4424 it;
829 4365 949 4415 ‘omnino
964 4365 1076 4429 legend:
1091 4369 1247 4432 popliteque
1262 4372 1366 4420 cubanti
