3008 4800
164 191 225 269 164
745 187 795 250 IV

247 350 483 436 habrotonique
505 371 619 437 graves
640 358 676 415 et
698 350 806 414 tristia
827 323 1021 450 centaurea}

247 476 385 539 quorum
407 476 510 517 unum
533 453 661 539 quidvis
684 453 797 518 leviter
818 454 846 518 si
869 455 951 519 forte
973 455 1100 520 duobus

681 581 701 618 ᾖ

247 659 327 745 quin
349 659 460 746 potius
482 682 592 724 noscas
614 682 722 724 rerum
744 660 915 725 simulacra
938 662 1048 747 vagari

248 762 355 826 multa
376 762 480 827 modis
502 763 615 826 multis
636 763 726 826 nulla
749 763 781 826 vi
801 785 954 849 cassaque
977 721 1119 860 sensuli

291 867 373 950 [Sed
394 889 436 931 ne
459 867 541 931 forte
563 874 660 951 putes
682 888 720 930 ea
741 866 873 931 demum
896 867 962 932 sola
986 869 1103 954 vagari,

247 991 471 1054 quaecumque
493 968 535 1032 ab
557 969 654 1032 rebus
675 990 782 1032 rerum
804 968 975 1033 simulacra
997 970 1161 1048 recedunt,
1309 989 1372 1053 130

248 1080 327 1137 sunt
348 1072 450 1139 etiam
472 1093 556 1157 quae
577 1078 693 1157 sponte
715 1093 773 1135 3113
794 1072 975 1158 gignuntur
997 1081 1031 1138 et
1053 1074 1123 1160 ipsa

249 1177 497 1242 constituuntur
518 1175 553 1238 in
575 1175 635 1239 hoc
657 1175 746 1239 caelo
767 1175 824 1259 qui
847 1175 967 1240 dicitur
987 1198 1051 1253 aer,

126 1316 128 1319 ·
167 1273 223 1360 135
250 1301 334 1366 quae
356 1279 469 1344 multis
492 1280 628 1344 formata
650 1279 753 1342 modis
774 1278 913 1343 sublime
936 1280 1086 1344 feruntur

166 1404 222 1464 141
248 1406 309 1449 nec
330 1384 471 1469 speciem
494 1391 621 1447 mutare
643 1405 736 1447 suam
759 1382 920 1468 liquentia
939 1393 1067 1463 ¹cessant

250 1496 284 1552 et
306 1486 464 1571 cuiusque
486 1486 573 1550 modi
596 1486 771 1550 formarum
793 1494 918 1551 vertere
940 1487 975 1550 in
997 1509 1084 1565 oras;
1308 1504 1366 1571 135

168 1609 225 1672 133
251 1597 289 1653 ut
311 1589 415 1654 nubes
438 1588 531 1653 facile
553 1588 718 1652 interdum
741 1611 941 1654 concrescere
964 1590 999 1654 in
1019 1590 1087 1656 3113

251 1694 413 1759 cernimus
435 1701 469 1757 et
492 1692 606 1757 mundi
628 1693 766 1778 speeiem
789 1693 908 1758 violare
930 1716 1075 1759 serenam
1266 1735 1273 1763 1

104 1854 106 1860 .
207 1800 228 1863 6
250 1820 326 1863 aera
348 1798 528 1862 mulcentes
550 1805 651 1861 motu.
695 1818 771 1861 nam
794 1819 889 1883 saepe
912 1798 1091 1885 Gigantum

150 1817 204 1977 (Β
251 1922 307 1964 313
328 1899 436 1963 volare
458 1898 612 1963 videntur
633 1907 668 1963 et
690 1898 837 1963 umbram
860 1899 977 1966 ducere
999 1901 1073 1979 late,

46 2012 60 2083 3
120 1980 158 2097 2
250 2003 416 2068 interdum
439 2002 550 2089 magni
571 2010 699 2066 montes
720 2003 892 2088 avolsaque
914 2025 991 2068 saxa
1066 2073 1069 2077 ,

49 2096 82 2177 s».
152 2096 169 2153 l
251 2106 418 2172 montibus
440 2107 564 2172 anteire
587 2115 621 2171 et
643 2107 743 2171 solem
764 2107 933 2172 succedere
955 2117 1090 2194 praeter,

167 2156 235 2290 §a
252 2210 328 2275 inde
350 2211 430 2275 alios
452 2210 580 2275 trahere
602 2219 701 2295 atque
723 2209 874 2276 inducere
896 2211 993 2276 belua
1014 2212 1162 2297 nimbos]

170 2332 227 2394 143
296 2315 395 2378 Nunc
417 2336 456 2379 ea
478 2336 576 2400 quam
600 2313 687 2378 facili
708 2326 743 2378 et
765 2314 862 2378 celeri
883 2315 1008 2379 ratione
1030 2324 1173 2400 genantu

252 2426 475 2504 perpetuoque
499 2417 667 2482 1111311311
690 2416 785 2481 rebus
808 2417 962 2503 lapsaque
984 2416 1101 2482 cedant
1198 2463 1209 2520 q

252 2646 380 2710 semper
402 2623 490 2687 enim
512 2645 676 2687 summum
699 2622 852 2708 quicquid
874 2623 915 2687 de
938 2624 1034 2688 rebus
1055 2608 1201 2690 abundat
1310 2642 1368 2706 145
1416 2671 1419 2676 -

253 2729 340 2815 quod
362 2727 552 2793 iaculentur.
597 2736 632 2792 et
654 2727 714 2806 hoc
736 2727 816 2791 alias
837 2750 911 2792 cum
933 2728 1081 2813 pervenit
1103 2728 1138 2792 in
1160 2751 1226 2805 ress
1321 2744 1325 2750 '

253 2832 381 2909 transit,
402 2839 442 2896 ut
455 2826 499 2895 in
520 2830 634 2916 primis
657 2830 786 2895 vitrum.
831 2830 887 2895 sed
910 2831 968 2895 ubi
989 2853 1102 2916 aspera
1123 2855 1200 2896 saxa

253 2935 370 3000 autin
393 2934 564 2998 materiam
587 2933 668 3020 ligni
690 2933 847 3019 pervenit,
870 2932 917 2997 ibi
939 2934 1004 2997 iam

254 3038 413 3102 scinditur
435 3044 474 3101 ut
496 3032 622 3100 nullum
645 3035 851 3100 simulacrum
875 3034 1007 3100 reddere
1029 3035 1137 3122 possit.

201 3209 204 3215 ,
254 3150 290 3205 31
313 3163 387 3204 31111
409 3139 579 3226 splendida
600 3162 683 3225 quae
705 3147 854 3204 constant
877 3148 1012 3226 opposta
1033 3142 1165 3205 fuerunt
1314 3157 1375 3221 15⁴0

255 3229 428 3330 densaque,
450 3251 489 3307 111
512 3244 546 3307 in
569 3242 681 3329 primis
703 3242 869 3328 speculum
893 3252 951 3321 est,
973 3244 1019 3308 nil
1042 3244 1159 3309 accidit
1181 3244 1316 3323 horum;

169 3544 269 3594 Probus
286 3546 313 3593 to
330 3543 377 3593 ecl.
395 3557 421 3591 vr
438 3544 470 3591 31
488 3557 530 3591 313
547 3541 708 3604 ambiguous.
815 3542 951 3599 lte-142,
969 3541 1098 3604 strangely
1114 3541 1268 3604 transposed
1284 3538 1312 3591 11
1330 3541 1376 3592 the

168 3640 232 3675 mss.
246 3641 275 3676 33
286 3640 347 3687 may
358 3626 389 3674 ba
401 3639 462 3674 seen
472 3624 507 3688 by
518 3639 566 3674 our
576 3624 708 3673 left-hand
726 3624 888 3687 numbering,
902 3639 966 3674 were
982 3624 1039 3674 first
1053 3623 1164 3687 brought
1178 3623 1236 3674 into
1251 3623 1326 3673 order
1340 3623 1375 3687 by

171 3708 215 3758 the
235 3711 371 3758 acuteness
388 3708 417 3756 oi
431 3705 539 3756 hamb:
564 3720 605 3755 see
622 3706 703 3755 above
718 3721 744 3769 p.
757 3706 789 3755 30
806 3705 846 3755 131
862 3721 878 3755 3
894 3705 1008 3768 possible
1024 3705 1191 3768 explanation
1208 3705 1238 3754 31
1252 3704 1307 3755 this
1323 3705 1375 3755 dia-

169 3791 252 3840 order.
353 3790 493 3838 1381113111.
514 3804 580 3838 113111.
614 3797 705 3838 rictum
721 3793 750 3838 ia
766 3789 836 3838 Nice.
849 3789 893 3838 the
904 3803 980 3838 cause
995 3788 1023 3837 of
1037 3792 1109 3850 great
1121 3787 1376 3837 confusioninlater

169 3890 232 3925 mss.
245 3874 299 3926 aud
310 3874 363 3923 eds.
376 3873 461 3923 before
473 3873 537 3923 Mar.
551 3873 623 3922 Junt.
638 3872 691 3921 and
703 3871 793 3922 Lamb.
894 3872 939 3919 143
950 3878 1075 3933 9311331111
1085 3870 1175 3920 Lamb.
1188 3870 1229 3919 for
1239 3878 1374 3932 peroratur:

171 3971 187 4006 3
198 3970 335 4017 necessary
346 3955 445 4017 change
455 3954 524 4011 here,
537 3953 636 4015 though
647 3953 681 4002 he
693 3954 763 4002 often
775 3952 923 4001 introduces
935 3951 979 4001 the
991 3951 1060 4001 word
1071 3951 1179 4001 without
1190 3966 1276 4001 cause.

203 4038 277 4088 111131
290 4038 336 4085 144
348 4052 364 4086 3
375 4051 446 4085 verse
456 4035 505 4084 has
516 4035 666 4096 manifestly
677 4034 741 4084 been
752 4035 817 4084 lost:
835 4034 856 4083 it
868 4033 890 4082 13
902 4032 1005 4083 carious
1017 4033 1074 4082 that
1086 4033 1211 4083 Marullus
1221 4032 1274 4083 and
1281 4032 1374 4083 Lamb.

172 4118 267 4168 should
277 4118 344 4168 have
359 4117 512 4167 overlooked
527 4115 588 4165 this.
625 4115 711 4164 ‘deest
722 4116 827 4178 Percipe
839 4115 879 4162 vel
890 4115 1039 4176 Erpediam,
1052 4117 1109 4162 turn
1124 4114 1236 4175 paucula
1251 4128 1267 4163 3
1281 4112 1376 4174 quibus

171 4200 237 4250 illud
248 4203 315 4249 enim
326 4197 396 4261 quod
407 4197 534 4247 subicitur
542 4196 664 4259 pendeat’
673 4195 754 4246 Lach.
821 4196 867 4247 147
880 4195 933 4245 and
940 4196 987 4244 152
996 4199 1090 4244 vitrum
1097 4194 1270 4258 Oppenrieder
1277 4195 1376 4244 forose-

173 4290 232 4333 tem:
248 4293 264 4332 a
273 4297 410 4344 necessary
417 4280 561 4331 correction
569 4279 653 4328 which
663 4278 684 4327 it
695 4278 718 4328 is
730 4283 834 4340 strange
845 4278 947 4328 neither
957 4277 1047 4328 Lamb.
1055 4292 1104 4326 nor
1114 4276 1195 4328 hauh.
1204 4275 1299 4326 should
1309 4275 1376 4326 have

173 4364 263 4414 made:
281 4362 373 4412 hamb.
385 4362 477 4412 indeed
489 4376 544 4411 3333
555 4360 599 4409 the
614 4359 739 4422 difficulty
754 4358 873 4409 involved
890 4358 918 4408 in
934 4365 1032 4428 31313111,
1043 4357 1121 4410 113311.
1135 4355 1197 4408 does
1212 4360 1274 4408 not:
1290 4372 1376 4419 comp.
1428 4390 1431 4397 -
