3008 4800
669 161 687 224 Ι

178 290 460 398 transiretlhaud
484 318 551 382 ulla
573 319 642 382 fieri
665 321 791 384 ratione
814 308 965 431 videres}

177 419 318 504 denique
341 441 397 483 cur
419 420 499 484 alias
521 421 593 485 aliis
616 434 779 507 praestare
803 425 952 489 videmus

179 520 319 606 pondere
343 543 393 586 res
415 522 511 586 rebus
535 524 602 588 nilo
624 525 744 590 maiore
767 527 873 613 figura
887 505 921 596 ll

180 645 254 687 nam
277 624 305 687 si
328 626 554 691 tantundemst
577 628 611 690 in
635 629 727 692 lanae
749 630 892 716 glomere
916 644 1075 717 quantum

179 727 319 811 corporis
343 730 377 792 in
399 730 533 814 plumbo
557 741 615 808 est,
639 735 834 799 tantundem
860 737 999 821 pendere
1023 761 1081 823 par
1104 749 1162 815 est,

179 831 318 914 corporis
340 832 513 897 officiumst
536 835 688 920 quoniam
712 859 858 920 premere
881 838 990 902 omnia
1012 839 1170 917 deorsum,

180 944 293 996 contra
314 943 425 999 autem
449 944 567 1000 natura
588 947 700 1003 manet
721 939 791 1003 sine
814 940 956 1025 pondere
979 939 1110 1037 inanis!

165 1036 366 1134 sergo'quod
389 1050 701 1127 magnumstaeque
725 1043 893 1130 leviusque
915 1044 1054 1122 videtur,

97 1185 112 1227 s
166 1140 174 1195 ἶ
183 1129 337 1205 nimirum
360 1141 434 1227 plus
457 1165 526 1208 esse
549 1144 611 1208 sibi
633 1145 777 1210 declarat
800 1146 924 1227 inanis;

96 1232 126 1271 ²*
171 1250 216 1335 pt
237 1253 348 1308 contra
369 1246 499 1332 gravius
521 1248 594 1332 plus
617 1249 652 1312 in
675 1269 709 1318 sc
732 1249 871 1334 corporis
894 1273 963 1315 esse

177 1342 311 1429 {dedicat
333 1356 368 1412 et
390 1349 495 1414 multo
518 1351 611 1415 vacui
634 1352 744 1416 minus
766 1351 857 1416 intus
880 1334 1018 1436 haberel

179 1432 233 1513 ‘est
254 1449 357 1536 igitur
377 1452 532 1517 nimirum
556 1454 589 1518 id
613 1455 699 1540 quod
721 1455 847 1520 ratione
870 1455 979 1542 sagaci

180 1555 373 1636 quaerimus,
395 1555 578 1621 admixtum
601 1558 706 1634 rebus,
730 1559 816 1644 quod
841 1559 938 1624 inane
961 1544 1136 1656 vocamus}

225 1656 313 1721 Illud
334 1658 369 1722 in
392 1658 441 1723 his
465 1660 562 1725 rebus
583 1683 625 1726 ne
647 1670 682 1726 te
704 1662 864 1727 deducere
888 1684 963 1727 vero

120 1769 122 1772 ⁴
179 1761 289 1844 possit,
311 1762 397 1847 quod
419 1764 551 1849 quidam
574 1765 713 1852 fingunt,
734 1788 940 1852 praecurrere
962 1748 1085 1869 cogorl

184 1866 297 1931 cedere
318 1869 532 1956 squamigeris
554 1871 667 1936 latices
689 1871 874 1937 nitentibus
896 1871 990 1937 aiunt

184 1979 219 2036 et
241 1971 380 2057 liquidas
402 1975 527 2060 aperire
552 1975 627 2053 vias,
649 1976 729 2062 quia
751 1985 824 2062 post
847 1976 916 2040 loca
938 1975 1042 2061 pisces

184 2075 342 2161 linquant,
365 2099 430 2162 quo
452 2078 576 2164 possint
599 2079 752 2144 cedentes
774 2079 937 2144 confluere
959 2079 1085 2158 undae;

184 2179 231 2244 sic
252 2180 332 2244 alias
354 2203 482 2266 quoque
505 2204 555 2246 res
577 2182 664 2247 inter
686 2205 719 2248 se
742 2204 835 2268 posse
859 2182 980 2247 moveri

184 2295 219 2347 et
242 2291 368 2348 mutare
392 2284 505 2359 locum,
531 2285 679 2370 quamvis
701 2286 769 2350 sint
792 2285 901 2350 omnia
923 2285 1026 2370 plena

184 2387 307 2452 scilicet
329 2387 363 2451 id
386 2388 466 2452 falsa
489 2397 595 2454 totum
617 2389 744 2454 ratione
767 2377 990 2479 receptumst.l

185 2511 348 2575 namquo
371 2491 569 2577 squamigeri
592 2500 749 2577 poterunt
771 2492 942 2577 procedere
965 2491 1108 2569 tandem,

185 2589 220 2653 ni
242 2591 385 2675 spatium
407 2591 558 2656 dederint
581 2592 693 2673 latices
706 2571 734 2681 ll
748 2592 922 2656 concedere
944 2613 1038 2677 porro

187 2716 251 2780 quo
272 2703 427 2780 poterunt
450 2695 566 2772 undae,
588 2719 662 2760 cum
686 2698 790 2782 pisces
812 2696 859 2760 ire
881 2678 1109 2781 nequibuntll

187 2808 246 2864 aut
268 2800 370 2886 igitur
392 2811 483 2864 motu
507 2800 733 2886 privandumst
756 2822 889 2886 corpora
910 2821 1058 2885 quaeque

186 2912 245 2968 aut
267 2926 336 2968 esse
358 2904 542 2970 admixtum
565 2905 776 2970 dicundumst
798 2903 897 2969 rebus
920 2905 1016 2968 inane

187 3005 273 3072 unde
295 3008 416 3073 initum
439 3010 581 3094 primum
603 3009 712 3095 capiat
734 3031 786 3074 res
808 3031 958 3095 quaeque
982 2988 1159 3108 movendil

187 3120 348 3198 postremo
370 3113 435 3177 duo
458 3113 499 3177 de
522 3135 678 3178 concursu
701 3135 836 3199 corpora
861 3113 929 3177 lata

186 3216 215 3281 si
237 3217 303 3281 cita
324 3217 493 3290 dissiliant,
516 3221 634 3303 nempe
656 3239 712 3281 aer
735 3239 831 3282 omne
854 3226 1025 3293 necessest,

188 3320 274 3386 inter
295 3343 426 3406 corpora
448 3321 534 3406 quod
556 3321 623 3397 fiat,
647 3322 792 3407 possidat
814 3309 937 3422 inanel

188 3424 215 3488 is
237 3424 330 3508 porro
352 3424 500 3509 quamvis
523 3424 643 3489 circum
666 3425 884 3490 celerantibus
907 3423 994 3488 auris

187 3529 337 3604 confluat,
359 3529 448 3593 haud
470 3529 590 3614 poterit
613 3536 725 3593 tamen
747 3550 813 3592 uno
836 3537 981 3612 tempore
1005 3534 1112 3590 totum

188 3632 339 3718 compleri
362 3633 523 3718 spatium;
554 3655 630 3697 narn
654 3633 796 3718 primum
819 3652 982 3718 quemque
1007 3638 1170 3694 necessest

187 3746 322 3822 occupet
344 3719 536 3814 ille'locum,
559 3736 677 3801 deinde
700 3735 809 3800 omnia
831 3723 1089 3847 possideantur]
1246 3751 1309 3816 390

101 3916 173 3968 Gott.
191 3917 231 3966 for
241 3918 304 3980 steri
320 3908 516 3967 hawe'valcrent
531 3916 615 3967 which
630 3931 740 3980 appears
755 3920 783 3966 to
798 3931 871 3966 come
886 3917 952 3964 from
967 3929 1034 3965 unm
1050 3913 1122 3964 twice
1139 3914 1240 3965 written
1257 3914 1308 3964 and

101 4002 204 4048 musar:
227 4002 272 4061 yet
287 3999 403 4061 Bernays
420 3999 448 4046 in
465 3997 512 4047 356
530 3997 604 4048 reads
621 4015 673 4061 quo
689 4013 794 4060 corpora
814 4012 927 4060 quaeqae
947 3998 1061 4045 colerent
1080 3995 1119 4044 lor
1139 4011 1191 4058 qua
1208 4003 1309 4058 possent

12 4143 16 4150 ι
72 4091 75 4097 ’
101 4097 121 4131 c.
137 4097 161 4144 q.
275 4080 324 4130 366
335 4084 369 4130 At
380 4080 449 4129 Flor.
460 4082 492 4130 30
504 4094 568 4129 corr.
582 4081 648 4145 (cod.
660 4081 743 4143 Nico.)
756 4080 808 4130 and
819 4080 888 4132 Flor.
903 4081 934 4128 31
946 4079 986 4128 for
1001 4087 1054 4129 aut.
1173 4080 1221 4130 367
1235 4081 1310 4127 vacui

101 4166 183 4212 minus
198 4162 274 4213 Pont.
288 4162 362 4212 Junt.
373 4161 465 4212 Lamb.
477 4167 525 4212 etc.
537 4163 578 4212 for
592 4165 693 4212 vocuim
707 4165 789 4212 minuc
803 4163 835 4212 B.
848 4162 901 4212 and
917 4162 989 4212 Gott.
1023 4175 1128 4210 vacuum
1140 4159 1215 4214 Walt
1228 4160 1306 4211 Lech.

100 4246 149 4295 etc.
161 4244 245 4295 retain
260 4243 322 4294 with
336 4245 367 4304 A,
379 4244 424 4295 the
440 4244 498 4294 Ital.
511 4243 565 4294 and
580 4244 669 4294 (lamb.
682 4259 744 4294 mss.
861 4245 910 4294 384
925 4259 1047 4293 concursu
1063 4241 1134 4291 Gott.
1150 4257 1176 4305 p.
1188 4258 1223 4297 m.
1237 4243 1305 4294 Flor.

101 4327 134 4379 30
150 4341 213 4380 corr.
233 4329 273 4386 31,
291 4328 366 4378 Pont.
385 4327 449 4377 Mar.
468 4327 541 4377 Junt.
559 4328 599 4376 for
616 4343 742 4378 concurso.
867 4329 915 4378 389
932 4341 1060 4390 qraertquc.
1102 4341 1215 4390 querique
1231 4327 1308 4376 Pont.

1129 4427 1216 4490 4-2
