3008 4800
711 213 761 277 VI

252 379 403 445 excibant
423 378 519 467 silvis.
546 309 761 464 ilanguebant
785 381 938 466 pleraque
963 383 1075 448 morbo

252 491 286 548 et
308 483 533 547 moriebantur.
552 450 652 573 licum
675 483 787 568 primis
811 483 875 548 fida
896 508 1014 550 canum
1038 488 1087 552 via

254 595 356 651 strata
378 587 600 676 viis-animam
623 589 763 672 ponebat
785 589 819 652 in
841 591 993 654 omnibus
1015 613 1130 677 aegre;

253 692 465 776 extorquebat
487 693 572 756 enim
596 693 696 756 vitam
719 693 768 757 via
791 694 937 759 morbida
959 657 1172 795 membrialf

253 793 457 876 [incomitata
478 793 548 879 rapi
570 794 737 858 certabant
760 795 872 859 funera
895 798 1009 879 vasta]

254 918 313 961 nec
335 896 416 960 ratio
438 895 560 960 remedi
582 896 759 960 communis
780 907 869 961 certa
890 898 1048 980 dabatur;

253 1020 328 1061 nam
352 999 437 1083 quod
458 998 503 1062 ali
523 997 656 1061 dederat
679 998 786 1062 vitalis
808 1000 891 1064 aeria
912 1023 1008 1067 auras

254 1103 381 1167 volvere
403 1103 437 1166 in
459 1124 512 1165 ore
534 1102 630 1165 licere
652 1112 686 1165 et
708 1103 788 1165 caeli
811 1104 934 1188 templa
957 1107 1051 1183 tueri,

256 1205 316 1269 hoc
338 1205 409 1269 aliia
432 1214 501 1269 erat
524 1205 623 1268 exitio
646 1204 812 1290 letumque
834 1189 991 1306 parabat..
1007 1194 1027 1232 ‘⁶

254 1310 335 1373 illud
357 1309 392 1373 in
414 1309 464 1373 his
485 1308 581 1373 rebus
603 1309 820 1374 miserandum
844 1332 1038 1396 magnopere
1062 1335 1166 1377 unum

253 1411 473 1476 aerumnabile
495 1417 573 1489 erat,
596 1410 681 1495 quod
705 1411 761 1475 ubi
784 1414 977 1498 aequisque
1001 1415 1134 1481 videbat

256 1515 451 1600 implicitum
474 1513 591 1590 morbo,
615 1514 711 1578 morti
732 1515 907 1580 damnatus
930 1524 968 1581 ut
990 1531 1085 1594 esset,

255 1618 407 1683 deficiens
428 1618 536 1683 animo
559 1625 681 1682 maesto
702 1640 777 1683 cum
799 1618 894 1683 corde
917 1619 1053 1696 iacebat,
1114 1670 1131 1717 Ἢ

256 1724 369 1787 funera
390 1731 573 1808 respectans
594 1724 736 1786 animam
758 1707 934 1789 amittebat
956 1693 1096 1799 ibideml
1216 1738 1218 1742 '

256 1828 377 1913 quippe
400 1827 521 1892 etenim
543 1827 632 1891 nullo
654 1827 821 1892 cessabant
843 1836 990 1914 tempore
1012 1831 1113 1915 apisci

255 1954 295 1997 ex
317 1933 390 1997 aliis
411 1933 490 1996 alios
511 1932 598 1996 avidi
620 1933 769 2019 contagia
792 1931 904 2010 morbi,

155 2051 232 2118 1245
259 2036 417 2123 lanigeras
439 2043 606 2120 tamquam
628 2037 766 2121 pecudes
790 2044 823 2101 et
845 2037 965 2102 bucera
986 2014 1147 2133 1111101111Ῡ

155 2159 234 2224 1237
257 2141 356 2227 idque
378 2141 429 2205 vel
451 2140 486 2203 in
508 2139 619 2225 primis
641 2141 829 2205 cumulabat
851 2142 964 2207 funere
986 2116 1101 2228 sunuel
1128 2130 1141 2146 ⁴

256 2268 332 2308 nam
355 2244 549 2330 quicumque
571 2266 644 2308 auos
667 2244 853 2330 fugitabant
875 2245 978 2310 visere
1001 2246 1043 2310 ad
1065 2268 1187 2332 aegroa

257 2347 338 2411 vitai
360 2347 498 2411 nimium
520 2344 652 2431 cupidos
675 2347 850 2432 mortisque
873 2347 1022 2411 timentis

155 2471 238 2534 1240
259 2451 413 2538 poenibat
435 2451 531 2536 paulo
553 2459 626 2534 post
648 2451 737 2536 turpi
759 2461 863 2515 morte
885 2452 1043 2537 malaque,

256 2556 407 2631 desertos,
429 2554 498 2639 opis
520 2554 669 2638 expertia,
692 2552 816 2617 incuria
839 2537 1005 2649 mactanal

258 2659 314 2743 qui
338 2659 467 2722 fuerant
488 2665 598 2721 autem
622 2667 756 2742 praesto,
779 2659 970 2745 contagibus
993 2658 1086 2722 ibant

258 2771 357 2848 atque
380 2763 496 2839 labore,
518 2762 621 2846 pudor
643 2783 739 2846 quem
761 2770 833 2826 tum
856 2761 992 2848 cogebat
1015 2762 1104 2826 obire
1146 2805 1164 2847 g

257 2866 439 2951 blandaque
462 2864 615 2928 lassorum
638 2887 698 2927 vox
721 2863 824 2928 mixta
847 2886 923 2928 voce
945 2823 1137 2948 querellael

155 2973 237 3051 1246
259 2971 401 3056 optimus
424 2970 483 3033 hoc
505 2968 563 3032 leti
584 2991 686 3054 genus
708 2991 784 3054 ergo
807 2968 943 3054 quisque
966 2944 1153 3070 subibatll

151 3308 249 3355 sedibaa
261 3305 374 3355 Macrob.
386 3307 439 3354 w12
452 3306 491 3363 14,
503 3304 573 3353 Brix.
585 3305 661 3353 Pont.
674 3304 746 3355 Junt
856 3306 920 3355 1220
931 3322 976 3356 aec
989 3308 1076 3355 triatiu
1088 3303 1201 3354 Macrcb.
1213 3303 1231 3352 L
1243 3303 1271 3365 1.,
1282 3305 1358 3357 Brix.

151 3390 225 3440 Pont
241 3390 337 3438 Awana
349 3389 491 3438 formata.
526 3403 570 3436 mc
576 3389 660 3450 fortia
671 3387 737 3438 Flor.
753 3389 783 3436 31
797 3388 886 3437 Camb.
898 3391 914 3436 2
926 3388 983 3438 Vnt
1004 3389 1067 3438 Mar.
1082 3388 1099 3436 J
1100 3392 1156 3437 unt.
1189 3403 1234 3438 aec
1245 3392 1362 3440 noctiba’

152 3471 243 3523 hamb.
279 3471 354 3520 Pont.
367 3484 488 3533 proposes
504 3469 558 3518 alao
573 3472 699 3530 amatim
717 3469 770 3518 and
785 3470 850 3520 Mar.
864 3471 893 3519 in
908 3485 989 3532 marg.
1004 3469 1068 3518 Van.
1081 3473 1184 3519 inertia
1218 3486 1263 3520 nec
1278 3475 1362 3523 noxia

152 3554 188 3603 Ia.
199 3555 274 3604 Voss.
285 3553 314 3601 in
325 3567 373 3602 ma
388 3555 469 3609 notas,
481 3551 571 3600 Heins.
586 3551 614 3598 in
626 3566 673 3599 ms.
686 3554 769 3609 notes,
782 3551 839 3600 who
850 3552 906 3600 aleo
917 3566 1039 3614 proposes
1050 3568 1094 3601 nec
1105 3555 1209 3602 inertia.
1293 3556 1361 3604 1221

152 3638 281 3686 Euibaat
291 3633 371 3684 nach.
384 3633 424 3682 lor
434 3635 561 3681 Ecicbant
572 3633 602 3689 Δ,
614 3634 725 3681 Exibunt
736 3634 767 3694 B,
778 3635 906 3683 chebcnt
921 3634 992 3682 Nico.
1061 3635 1124 3682 1225
1134 3633 1162 3683 in
1174 3649 1220 3697 my
1228 3635 1308 3685 small
1318 3637 1369 3693 ed„

153 3718 167 3766 I
177 3716 267 3780 placed
278 3716 365 3764 before
377 3714 456 3762 1235:
473 3713 487 3761 1
499 3712 553 3762 still
565 3713 640 3762 think
656 3713 713 3762 that
729 3714 773 3762 tha
787 3715 869 3776 poet'a
880 3715 962 3764 worda
974 3715 1059 3764 would
1075 3715 1181 3778 thercby
1191 3715 1223 3764 be
1233 3714 1363 3768 rendered

151 3815 223 3850 more
233 3797 410 3854 consecutiam
428 3794 475 3844 but
485 3795 499 3843 I
510 3810 566 3844 now
578 3811 619 3844 sea
631 3795 688 3844 that
701 3796 762 3844 1235
775 3795 869 3845 should
884 3799 931 3845 not
946 3796 977 3845 be
992 3797 1098 3847 saverad
1113 3798 1181 3846 from
1193 3800 1266 3860 1234,
1278 3799 1358 3852 Lucr.

151 3883 247 3944 having
263 3876 493 3941 miaapprehended
508 3891 524 3925 a
539 3881 658 3926 sentence
672 3878 701 3926 of
716 3877 895 3940 Thucydides:
912 3879 1006 3928 Ihave
1022 3879 1151 3930 therefore
1165 3895 1223 3929 now
1233 3880 1281 3930 left
1292 3882 1360 3933 1225

151 3967 180 4015 in
190 3965 225 4014 ita
235 3963 317 4026 place.
329 3975 405 4011 asan
415 3959 549 4022 imperfect
565 3960 709 4021 fragment:
727 3976 769 4011 aea
784 3963 895 4013 1101012.
997 3963 1061 4010 1234
1073 3965 1205 4012 0111111111
1216 3963 1238 4011 Β
1250 3962 1360 4028 rightly.

152 4050 277 4099 {mittebat
288 4045 319 4094 Δ.
353 4046 467 4093 mittebat
479 4042 549 4092 Nicc.
562 4043 664 4092 whence
675 4045 753 4093 much
764 4060 841 4096 error.
975 4046 1039 4094 1235
1049 4049 1131 4109 apisci
1142 4046 1211 4095 11101.
1223 4048 1255 4096 31
1267 4047 1360 4100 camb.

151 4130 222 4180 Brix.
234 4129 310 4178 Pont
322 4127 387 4176 Mar.
401 4126 441 4174 for
451 4127 551 4188 aptarit.
652 4127 714 4176 1231
728 4126 812 4191 (1245)
825 4126 915 4190 placed
929 4127 991 4177 here
1003 4127 1037 4189 by
1047 4128 1135 4177 Bentl.
1148 4128 1215 4177 after
1225 4127 1359 4190 nnuma:

152 4214 217 4262 Mar.
230 4212 303 4260 Junt.
314 4209 405 4259 hamb.
418 4212 466 4258 etc.
478 4212 525 4272 put
536 4208 558 4257 it
568 4209 634 4257 after
646 4210 708 4257 1242
720 4210 814 4272 (1241).
974 4212 1038 4262 1239
1049 4214 1129 4261 vitare
1140 4210 1209 4260 Flor.
1221 4211 1253 4259 31
1265 4210 1360 4263 (lamb.

151 4296 191 4345 fot
201 4303 290 4344 nuere.
425 4293 488 4340 1241
500 4293 623 4341 Paenitet
635 4292 746 4342 Turneb.
759 4308 801 4356 ap.
813 4294 904 4344 hamb.
914 4295 955 4344 for
965 4296 1090 4344 Poenum
1100 4303 1129 4344 at
1141 4294 1192 4355 (ia
1200 4295 1305 4345 Potuit.
1319 4300 1360 4359 at)

151 4377 181 4434 B,
193 4377 317 4426 Poeaibm
328 4382 353 4423 et
364 4374 386 4422 A
397 4373 467 4422 Nicc.
479 4377 540 4423 etc:
557 4388 639 4437 comp.
654 4388 670 4421 v
682 4374 754 4424 1071.
921 4376 985 4424 1242
996 4379 1099 4425 incuria
1109 4375 1178 4424 Flor.
1189 4376 1230 4433 31,
1242 4375 1273 4424 ia
1282 4379 1361 4427 1111111
