3008 4800
746 197 796 260 VI

234 353 358 440 colligit
380 363 415 419 et
438 377 594 441 magnum
617 379 772 420 conamen
795 357 899 421 sumit
922 358 1029 432 eundi,

159 442 310 520 4--inde
333 457 391 521 ubi
413 480 478 521 non
501 459 610 542 potuit
634 460 736 523 nubes
759 480 873 543 capere
897 459 1017 543 inpetis
1038 468 1181 536 auctum,

235 560 428 644 exprimitur
452 560 500 623 vis
522 570 623 644 atque
646 561 719 625 ideo
742 561 833 625 volat·
852 561 974 646 impete
998 562 1086 638 mir0,

184 701 220 711 v
237 672 275 726 ut
298 663 413 727 validis
436 686 519 748 quae
543 665 583 727 de
607 665 778 728 tormentis
801 664 899 728 missa
921 640 1095 766 feruntu1·.l

209 767 318 854 {adde
341 767 428 852 quod
450 789 469 831 e
490 768 598 852 parvis
622 776 656 831 et
679 768 803 832 levibus
827 778 877 832 est
899 769 1077 844 clementie,

236 891 296 933 nec
319 869 444 934 facilest
468 870 526 933 tali
549 878 686 934 naturae
709 872 864 956 opsistere
887 872 1081 957 quicquam;

236 972 323 1036 inter
345 972 432 1037 enim
456 972 542 1058 fugit
565 995 603 1036 ac
624 982 776 1059 penetrat
799 997 856 1059 per
878 996 950 1037 rara
971 974 1106 1051 viarum,

236 1098 301 1140 non
323 1075 427 1162 igitur
450 1076 563 1139 multis
585 1076 761 1141 offensibus
784 1077 819 1141 in
841 1078 1029 1142 remorando

237 1178 388 1255 haesitat,
413 1179 496 1242 hanc
519 1179 560 1243 ob
584 1202 653 1243 rem
676 1180 773 1245 celeri
795 1180 884 1245 volat
906 1181 1028 1265 impete
1051 1144 1195 1273 labensl

236 1281 363 1358 deinde,
385 1282 471 1367 quod
493 1283 625 1347 omnino
647 1296 764 1348 natura
788 1284 931 1368 pondera
951 1285 1099 1349 deorsum

198 1385 346 1449 ..omnia
367 1385 531 1462 nituntur,
555 1407 631 1449 cum
654 1386 781 1471 plagast
803 1386 916 1450 addita
938 1409 1021 1463 vem,

170 1512 204 1524 -
237 1484 401 1549 mobilitas
423 1485 611 1570 duplicatur
633 1493 667 1550 et
690 1486 833 1571 impetus
854 1487 910 1552 ille
932 1488 1100 1574 gravescit,

182 1611 222 1624 ”
235 1596 274 1653 ut
297 1588 481 1652 vementius
504 1596 538 1653 et
561 1588 659 1653 citius
681 1612 906 1677 quaecumque
928 1599 1096 1656 morantur

172 1679 220 1755 'x
235 1693 331 1758 obvia
352 1692 509 1758 discutiat
531 1692 636 1779 plagis
659 1692 823 1779 itinerque
845 1676 1020 1779 sequaturl

175 1797 377 1882 -denique
400 1798 485 1883 quod
509 1797 604 1884 longo
629 1797 719 1863 venit
742 1797 875 1883 impete,
899 1821 1026 1864 sumere
1047 1799 1146 1864 debet

236 1899 454 1964 mobilitatem
477 1899 578 1964 etiam
602 1908 701 1985 atque
724 1900 834 1978 etiam,
857 1923 940 1986 quae
962 1901 1076 1966 crescit
1098 1903 1203 1967 eundo

182 2047 217 2057 -ν
238 2011 272 2068 et
297 2003 420 2068 validas
442 2011 543 2088 auget
567 2003 646 2068 viris
668 2015 703 2069 et
724 2004 855 2070 roborat
876 1976 1007 2105 ictuml

188 2150 219 2162 ν
235 2130 312 2171 nam
336 2107 414 2171 facit
437 2115 475 2171 ut
498 2130 582 2192 quaa
605 2108 672 2172 sint
695 2108 783 2174 illius
805 2111 930 2174 semina
951 2133 1089 2197 cumque

187 2244 217 2260 2
237 2229 255 2271 e
277 2206 408 2293 regione
431 2207 537 2271 locum
560 2208 655 2293 quasi
677 2208 712 2272 in
735 2232 838 2275 unum
861 2220 979 2275 cuncta
1000 2212 1152 2290 ferantur,

182 2304 346 2376 ‘Lcmnia
369 2312 529 2376 coniciens
552 2311 587 2375 in
610 2334 686 2376 eum
709 2313 873 2377 volventia
895 2293 1048 2414 cursum}

235 2412 369 2476 forsitan
392 2435 432 2477 ex
454 2413 524 2499 ipso
548 2414 681 2479 veniens
703 2415 814 2480 trahat
836 2438 911 2480 aere
933 2416 1091 2502 quaedam

237 2538 369 2601 corpora
391 2538 475 2600 quae
498 2516 604 2604 plagis
627 2517 807 2582 incendunt
829 2506 1069 2605 mobilitateml

197 2620 472 2706 ‘incolumisque
496 2621 587 2685 venit
609 2643 668 2706 per
689 2645 739 2686 res
762 2634 860 2708 atque
882 2625 1010 2710 integra
1030 2624 1148 2689 transit

237 2723 352 2800 multa,
374 2725 588 2789 foraminibus
610 2725 754 2811 liquidus
777 2728 855 2812 quia
876 2729 1054 2793 transvolat
1076 2694 1184 2825 ignial

195 2878 222 2887 -
237 2829 406 2914 multaque
428 2829 611 2916 perfringit,
633 2853 705 2894 cum
730 2853 861 2915 corpora
883 2832 1028 2896 fulminis
1049 2833 1120 2917 ipsa

198 2963 224 2983 ι
236 2931 422 3016 corporibus
444 2954 552 2995 rerum
576 2932 770 3008 inciderunt,
792 2955 857 3018 qua
879 2943 972 2999 texta
993 2884 1177 3014 tenentur.l

236 3035 388 3100 dissoluit
410 3057 503 3120 porro
526 3035 620 3099 facile
642 3058 697 3100 aes
718 3059 898 3122 aurumque
920 3046 1052 3123 repente

237 3139 473 3213 confervefacit,
495 3160 513 3202 e
536 3138 645 3222 parvis
668 3139 745 3224 quia
768 3140 854 3204 facta
875 3141 1001 3205 minute

117 3275 118 3278 ¹
193 3243 424 3327 „corporibus
447 3243 495 3306 vis
518 3250 568 3306 est
592 3251 627 3307 et
650 3243 778 3308 levibus
800 3267 839 3308 ex
862 3245 1041 3321 elementis,

204 3370 321 3435 *quae
345 3347 437 3411 facile
460 3348 669 3412 insinuantur
691 3357 725 3412 et
747 3349 911 3413 insinuata
933 3364 1066 3435 repente

191 3453 417 3518 vdissoluont
439 3453 540 3516 nodos
563 3454 668 3517 omnis
691 3464 725 3517 et
748 3454 854 3518 vincla
876 3455 1031 3520 relaxant.

235 3568 458 3641 autunmoque
482 3556 586 3643 magis
608 3556 712 3621 stellis
734 3556 937 3644 fulgentibus
959 3567 1037 3643 apta

148 3780 211 3834 punt
222 3772 290 3823 Flor.
301 3774 332 3821 31
345 3773 458 3822 Gamb.2
471 3774 531 3824 Vnt.
559 3777 711 3837 pergumato
720 3774 785 3824 Mar.
799 3774 872 3823 dunt.
885 3773 975 3823 hamb.
1017 3775 1064 3822 335
1074 3775 1180 3833 Deinde,
1188 3776 1261 3837 quod.
1284 3777 1355 3825 Adde

150 3857 216 3918 qood
227 3855 308 3904 Lach.
321 3855 406 3904 which
419 3869 502 3904 seems
515 3860 541 3904 to
553 3870 596 3904 me
605 3856 686 3905 much
697 3856 796 3904 wacker
808 3854 872 3904 than
885 3855 929 3904 the
939 3869 988 3903 ms.
1001 3855 1115 3918 reading.
1197 3855 1245 3904 336
1254 3858 1357 3918 plopost

149 3938 228 3988 Lech.
243 3938 284 3986 for
292 3940 372 3999 plopo
383 3941 414 3989 ai.
448 3940 529 4001 plapa
540 3941 575 3987 ait
587 3939 656 3988 Flor.
669 3939 701 3987 31
713 3937 802 3987 (lamb.
816 3938 851 3987 all
866 3938 949 3987 before
962 3937 1042 3987 Laoh.
1156 3939 1203 3989 347
1221 3941 1357 3988 incendunt

147 4021 293 4083 Brightly.
327 4023 447 4070 imedunt
464 4021 487 4069 A
504 4021 576 4070 Nico.
610 4020 828 4070 tritenduntMar.
848 4020 908 4069 Ald.
930 4019 1211 4070 liunt.11amb.etc.
1310 4023 1357 4073 349

149 4105 289 4153 tramoolot
305 4103 416 4164 Nauger.
433 4102 502 4164 vulg.
520 4102 561 4150 for
583 4104 718 4151 transviat.
753 4110 860 4151 tremeat
881 4101 934 4151 Gii.
1068 4102 1116 4150 350
1128 4103 1267 4164 perfringit
1291 4102 1355 4152 Mar.

147 4183 206 4233 Ald.
221 4186 234 4232 1
251 4184 326 4233 Junt.
342 4184 411 4244 vulg.
427 4184 468 4232 for
480 4184 603 4246 perfracte
619 4182 650 4240 B,
663 4183 768 4245 perficit
783 4183 814 4241 Δ,
830 4185 955 4245 perfrepit
973 4182 996 4230 A
1013 4196 1078 4230 corr.
1093 4181 1129 4230 all
1143 4181 1209 4230 later
1224 4196 1286 4230 mss.
1299 4182 1356 4232 Ver.

149 4266 225 4318 Van:
243 4280 329 4327 comp.
343 4267 390 4315 138
398 4267 561 4329 perfrinpear
578 4266 600 4313 Α
615 4280 679 4314 corr.
694 4266 763 4327 vulg.
772 4266 914 4328 perfloreat
929 4264 959 4325 A,
968 4267 1110 4328 persi-ipone
1123 4264 1155 4313 B.
1188 4263 1266 4314 Lech
1279 4264 1358 4328 ¹keeps

145 4350 259 4413 perflati,
271 4347 357 4396 which
366 4361 415 4396 can
428 4345 521 4408 hardly
532 4346 563 4396 be
575 4345 654 4409 right.
764 4348 812 4398 357
824 4353 886 4409 apro
897 4345 1033 4395 Turnebus
1043 4344 1126 4396 Bentl
1139 4345 1213 4397 Wak.
1226 4345 1306 4396 Lach.
1319 4348 1359 4398 tor
