3008 4800
690 284 692 290 .
713 230 770 293 III

234 400 273 456 ut
294 392 412 466 videas,
436 390 589 474 quoniam
612 389 818 453 coniunctast
841 411 938 453 causa
961 389 1084 465 salutis,
1185 456 1188 460 ,

235 496 440 559 coniunctam
463 513 592 577 quoque
614 501 767 555 naturam
791 493 965 556 consistere
988 448 1125 580 commi

278 598 373 678 Quod
395 605 552 680 superest,
574 595 676 679 siquis
699 615 816 679 corpus
838 596 960 659 sentire
983 596 1105 660 refutat
1295 612 1357 678 350

234 712 332 786 atque
355 701 497 764 enimam
521 699 625 763 credit
647 698 844 783 permixtam
868 721 998 784 corpore
1021 708 1091 764 toto

234 805 395 889 suscipere
418 805 505 868 hunc
527 811 654 868 motum
677 824 776 887 quem
800 824 932 867 sensum
955 804 1194 895 nominitamus,

235 909 286 972 vel
309 907 497 972 manifestas
520 927 570 971 res
592 914 705 971 contra
728 928 884 991 verasque
907 882 1093 992 repugnatl

234 1010 313 1096 quid
336 1011 380 1075 sit
402 1010 490 1074 enim
513 1032 629 1095 corpus
651 1010 774 1073 sentire
797 1010 871 1092 quis
894 1011 1018 1074 adferet
1040 1033 1204 1096 umquam,

234 1115 261 1179 si
283 1137 347 1179 non
369 1115 441 1200 ipsa
462 1115 570 1199 palam
593 1114 680 1199 quod
702 1137 753 1179 res
776 1114 869 1179 dedit
891 1138 929 1180 ac
950 1116 1061 1180 docuit
1083 1088 1185 1206 nosll
1296 1133 1353 1198 355

232 1226 268 1282 at
289 1217 422 1282 dimissa
444 1217 555 1281 anima
576 1238 691 1302 corpus
713 1228 803 1282 caret
826 1218 971 1303 undique
993 1240 1108 1297 sensu3

231 1321 339 1406 perdit
361 1321 449 1385 enim
473 1319 558 1404 quod
581 1341 646 1383 non
668 1320 836 1405 proprium
860 1321 924 1385 fuit
947 1321 1016 1386 eius
1038 1322 1073 1385 in
1095 1343 1192 1401 aevo3

234 1424 402 1508 multaque
424 1430 592 1508 praeterea
614 1422 723 1507 perdit
746 1445 845 1508 quam
868 1424 1042 1509 expellitur
1064 1390 1164 1510 autel

278 1525 394 1589 Dicere
416 1546 510 1611 porro
532 1525 642 1589 oculos
664 1525 790 1589 nullam
813 1548 883 1590 rem
906 1549 1034 1591 cernere
1057 1548 1158 1612 posse,

235 1628 293 1693 sed
315 1650 373 1713 per
395 1649 450 1692 eos
472 1627 618 1691 animum
642 1637 681 1692 ut
704 1628 827 1694 foribus
850 1639 996 1714 spectare
1018 1630 1161 1707 reclusis,
1296 1633 1358 1712 360

237 1731 407 1806 difficilest,
430 1739 543 1795 contre
565 1752 640 1795 cum
662 1753 777 1796 sensus
800 1731 889 1797 dicat
912 1755 1042 1813 eorum3

236 1855 349 1898 sensus
371 1833 460 1898 enim
482 1833 585 1897 trahit
608 1841 708 1918 atque
730 1834 816 1898 acics
839 1834 988 1899 detrudit
1009 1836 1051 1899 ad
1072 1835 1179 1920 ipsas3
1251 1891 1254 1897 .

235 1938 359 2024 fulgida
381 1936 573 2022 praesertim
595 1959 669 2001 cum
694 1960 825 2002 cernere
848 1960 945 2025 saepe
967 1938 1147 2022 nequimus,

235 2040 359 2104 lumina
381 2039 560 2104 luminibus
583 2040 660 2125 quia
687 2040 781 2104 nobis
804 2016 1091 2140 praepediuntur}

233 2145 319 2229 quod
342 2144 464 2209 foribus
486 2167 550 2209 non
570 2145 629 2224 fit3
653 2166 760 2230 neque
783 2146 880 2223 enim,
904 2147 982 2232 quia
1002 2147 1162 2211 cernimus
1184 2147 1254 2232 ipsi,
1296 2149 1353 2228 365

234 2247 319 2312 ostia
340 2247 524 2332 suscipiunt
547 2247 651 2312 ullum
674 2249 801 2313 reclusa
824 2228 989 2342 lahorem}

234 2359 402 2434 practerea
425 2350 453 2414 si
475 2372 532 2434 pro
556 2351 678 2415 foribus
700 2359 779 2415 sunt
802 2351 928 2416 lumine
950 2361 1066 2429 nostra,

234 2453 298 2517 iam
322 2453 425 2540 magis
448 2454 609 2538 exemptis
632 2454 734 2518 oculis
756 2455 876 2519 debere
899 2454 1029 2520 videtur

231 2577 361 2620 cernere
384 2578 434 2620 res
457 2555 586 2620 animus
608 2556 747 2621 sublatis
769 2557 919 2642 postibus
941 2536 1055 2659 ipsis]

276 2658 363 2723 Illud
385 2659 420 2723 in
443 2660 494 2723 his
516 2659 612 2724 rebus
634 2682 842 2746 nequaquem
864 2683 992 2726 sumere
1014 2661 1124 2746 possis,
1295 2677 1357 2741 370

235 2762 414 2827 Democriti
436 2762 524 2848 quod
545 2773 658 2827 sancta
679 2763 742 2827 viri
765 2765 931 2828 sententia
952 2765 1052 2850 ponit,

233 2865 381 2951 corporis·
396 2874 496 2950 etque
518 2866 621 2930 animi
643 2866 820 2951 primordia
842 2867 971 2952 singula
992 2867 1091 2953 privis

234 2969 383 3054 adposita
405 2969 539 3033 alternis
564 2971 694 3048 variare,
717 2993 756 3036 ac
778 2979 909 3035 nectere
932 2948 1103 3077 membral

235 3099 311 3140 nam
333 3098 408 3140 cum
430 3076 535 3140 multo
557 3083 636 3145 sunt
658 3075 787 3140 animae
810 3076 974 3140 elementa
996 3074 1120 3139 minora

232 3201 330 3263 quam
352 3178 472 3263 quibus
495 3200 513 3242 e
535 3200 651 3262 corpus
674 3178 767 3242 nobis
791 3186 825 3242 et
849 3177 971 3243 viscera
993 3185 1150 3254 constant,
1292 3192 1350 3258 375

235 3290 306 3344 tum
329 3302 464 3345 numero
486 3302 615 3366 quoque
638 3281 822 3345 concedunt
845 3291 880 3344 et
902 3303 974 3345 rara
995 3302 1052 3365 per
1074 3288 1163 3344 artus
1325 3289 1328 3293 '

233 3384 347 3448 dissita
369 3391 447 3447 sunt
469 3384 661 3464 dumtaxat3
685 3392 724 3448 ut
747 3385 808 3448 hoc
830 3385 1021 3468 promittere
1043 3384 1153 3469 possis

145 3630 259 3692 repostis.
358 3629 406 3678 347
418 3637 447 3678 ut
458 3627 543 3677 added
553 3627 588 3691 by
600 3628 664 3679 Mer.
680 3627 754 3677 lunt.
855 3629 1017 3690 350refutet.
1053 3626 1255 3677 renutatbamb.

145 3712 195 3760 358
208 3711 295 3773 perdit
310 3725 385 3771 quum
402 3711 539 3771 expellitur
555 3717 613 3759 cute
631 3709 681 3758 Ed.
698 3710 739 3759 ior
752 3712 882 3773 perditum
898 3711 1033 3771 expellitur
1049 3723 1109 3757 aevo
1126 3725 1215 3770 errem:
1233 3708 1277 3758 the
1292 3724 1313 3759 ν.
1334 3709 1356 3757 is

144 3790 256 3853 rejected
272 3791 305 3853 by
322 3790 417 3839 creech
434 3790 462 3839 in
479 3795 563 3850 notes,
582 3791 636 3840 and
652 3791 729 3842 Bern.
772 3793 914 3853 Multaqzu.
933 3792 1060 3853 Nullaque
1077 3790 1156 3840 Lech.
1174 3789 1257 3839 which
1274 3804 1356 3839 seems

144 3872 258 3936 scarcely
276 3876 303 3922 to
319 3871 351 3921 be
367 3871 456 3921 Latin.
489 3872 582 3921 Lemb.
600 3872 744 3922 condemns
762 3875 809 3922 357
827 3872 913 3920 which
930 3871 1026 3920 Greech
1043 3872 1099 3921 well
1116 3871 1230 3921 defends.
1307 3873 1354 3921 361

147 3958 289 4018 Difficilem.
330 3956 474 4017 Deciperest
484 3954 576 4005 Lamb.
591 3954 630 4006 ed.
645 3956 660 4003 2
673 3955 726 4004 and
737 3956 762 4013 3,
775 3954 828 4003 Gis.
841 3954 938 4004 Lech:
957 3954 1002 4003 but
1014 3968 1056 4002 see
1067 3957 1140 4003 notes
1152 3956 1174 4005 2.
1285 3955 1354 4004 dicct

146 4038 237 4088 Lamb.
251 4039 384 4087 lordicat.
484 4037 532 4085 362
543 4036 636 4085 Lamb.
649 4038 749 4099 rejects.
783 4036 865 4088 Lech.
880 4041 940 4099 puts
955 4036 975 4086 it
992 4036 1059 4085 efter
1073 4037 1128 4088 363.
1229 4036 1354 4099 sesqua

145 4119 349 4182 Lachiorquo.
449 4119 497 4168 372
505 4121 589 4180 privis
601 4118 688 4167 Bentl.
701 4118 742 4166 ior
750 4120 857 4180 primis:
876 4119 924 4168 389
932 4120 1010 4178 privo
1021 4117 1044 4165 is
1055 4117 1083 4165 in
1094 4116 1139 4166 the
1150 4132 1212 4167 mss.
1305 4120 1353 4168 374

146 4205 245 4251 animae
257 4203 376 4250 clericatu
386 4203 486 4250 mirere
499 4200 545 4248 AB
562 4200 649 4251 Nice:
666 4198 720 4250 this
735 4201 749 4249 I
764 4200 831 4250 heve
847 4199 969 4249 retained.
1003 4201 1100 4249 cutinei
1114 4201 1145 4250 el.
1163 4202 1223 4249 min.
1240 4199 1308 4249 Flor.
1321 4202 1351 4248 31

143 4282 236 4334 (lamb.
249 4281 384 4332 Machld.
398 4282 498 4330 liunt.
512 4281 604 4343 vulgo;
622 4282 669 4331 but
684 4281 730 4330 the
745 4281 840 4331 elision
856 4281 879 4330 is
894 4285 941 4330 not
957 4281 1087 4331 tolerable.
1121 4284 1240 4331 clericatu
1256 4283 1353 4330 reinero

72 4399 74 4402 >
143 4364 334 4416 eulmoiLach.
445 4364 574 4415 artene
586 4364 678 4414 bamb.
691 4364 867 4414 ed.30reech
879 4364 959 4415 Lech.
971 4363 1075 4426 rightly.
1111 4365 1356 4416 etAcorr.Bcorr.
