3008 4800
501 812 540 886 T.
584 811 816 887 LUCRETI
860 811 988 887 CARI

380 1046 471 1130 DE
531 1044 780 1130 RERUM
841 1042 1130 1129 NATURA

564 1332 697 1391 LIBER
724 1332 933 1403 QUARTUS

235 1682 334 1766 [Avia
356 1681 522 1745 Pieridum
547 1702 683 1768 peragro
707 1681 776 1746 loeo
797 1682 920 1747 nullius
942 1691 1019 1748 ante

234 1787 314 1850 trita
335 1785 410 1862 solo,
432 1786 525 1850 iuvet
549 1785 693 1872 integros
714 1786 866 1851 aooedere
889 1787 988 1852 fontis

235 1899 333 1974 atque
355 1889 496 1965 haurire,
517 1889 675 1974 iuvatque
698 1911 796 1954 novos
819 1890 990 1976 decerpere
1013 1890 1105 1956 flores

234 1993 459 2080 insignemque
483 2014 555 2057 meo
578 1993 680 2078 capiti
701 2001 814 2078 petere
836 1993 913 2059 inde
936 2015 1082 2059 eoronam

235 2097 321 2161 unde
343 2095 435 2182 prius
456 2096 540 2160 nulli
563 2096 703 2161 velarint
724 2105 873 2182 temporo
894 2119 1023 2178 musee3

235 2200 377 2287 primum
399 2199 486 2286 quod
509 2200 637 2286 magnis
659 2200 758 2265 dooeo
780 2200 822 2265 de
843 2200 941 2265 rebus
963 2209 998 2266 et
1018 2201 1098 2266 artis

235 2304 427 2390 religionum
450 2303 600 2369 animum
622 2304 715 2369 nodis
737 2305 901 2368 exsolvere
923 2326 1033 2390 pergo,

235 2408 353 2472 deinde
374 2405 461 2492 quod
483 2407 620 2471 obseura
641 2407 683 2471 de
705 2429 740 2471 re
763 2415 832 2471 tom
855 2407 963 2471 lucida
985 2429 1090 2494 pango

235 2509 385 2588 carmine,
408 2531 541 2573 musaeo
564 2508 756 2596 oontingens
777 2517 895 2574 cuneta
919 2510 1034 2595 lepore.

237 2615 271 2680 id
293 2637 421 2701 quoque
443 2614 532 2679 enim
554 2635 620 2678 non
642 2614 685 2678 ab
706 2615 799 2679 nulla
820 2614 946 2679 ratione
970 2613 1114 2693 videtur;

237 2742 312 2783 nam
334 2719 437 2784 veluti
459 2719 571 2805 pueris
593 2719 760 2784 absinthia
780 2727 889 2784 taetra
912 2717 1079 2784 medentes

236 2845 310 2888 curn
332 2821 409 2886 dare
431 2832 600 2898 emantur,
622 2822 713 2907 prius
734 2844 806 2887 oras
828 2822 945 2907 pocula
966 2822 1085 2886 circum

236 2924 431 3010 contingunt
453 2925 561 2989 mellis
584 2924 674 2990 dulci
695 2926 844 3010 flavoque
867 2925 998 3010 liquore,

237 3039 276 3094 ut
297 3051 471 3116 puerorum
494 3037 586 3094 aetas
608 3028 779 3114 inprovida
801 3027 988 3094 ludificetur

237 3133 399 3199 labrorum
421 3141 527 3209 tenus,
550 3133 678 3210 interea
698 3142 851 3218 perpotet
872 3155 1019 3197 amarum

236 3235 381 3301 absinthi
403 3235 536 3300 laticem
558 3235 760 3322 deceptaque
782 3258 848 3300 non
870 3237 1027 3321 (rapiatur,

237 3341 294 3406 sed
315 3340 425 3426 potius
447 3340 508 3404 tali
530 3348 627 3426 paeto
648 3350 793 3405 recreata
815 3341 965 3417 valescat,

237 3445 283 3509 sio
304 3466 363 3530 ego
384 3466 480 3520 nunc,
503 3444 658 3529 quoniam
681 3444 761 3508 haec
782 3443 867 3508 ratio
888 3444 1078 3529 plerumque
1101 3443 1228 3510 videtur

238 3548 360 3613 tristior
381 3569 451 3612 esse
473 3547 595 3633 quibus
617 3570 683 3612 non
704 3558 755 3612 est
777 3556 927 3625 tractata,
951 3558 1098 3634 retroque

238 3653 349 3738 volgus
370 3652 523 3717 abhorret
545 3652 589 3715 ab
611 3652 681 3727 hae,
703 3653 791 3717 volui
813 3652 877 3716 tibi
898 3653 1136 3738 suaviloquenti
1312 3672 1354 3718 20

238 3756 378 3821 earmine
401 3755 508 3820 Pierio
531 3755 690 3819 rationem
714 3777 874 3841 exponere
897 3765 1041 3820 nostram

184 3961 333 4011 tanim
368 3957 603 4008 animumne
622 3958 698 4008 116:
719 3970 789 4006 seer
810 3957 868 4007 9³2.
1000 3956 1015 4004 8
1030 3953 1197 4018 panqulor.
1217 3955 1248 4002 31
1266 3953 1355 4003 (lamb.

151 4042 246 4092 eva
264 4040 508 4104 vulg.101pand0:
526 4055 555 4089 eo
573 4053 584 4087 ι
603 4041 660 4090 933.
793 4039 824 4087 11
842 4039 918 4090 Nam.
954 4036 1166 4098 AcQuintil.111
1186 4037 1234 4084 14
1257 4037 1356 4085 Nonius

152 4125 303 4187 Hieronynn
385 4123 416 4171 13
434 4124 601 4183 cantiorum.
634 4124 767 4184 Impirant
777 4136 808 4171 or
819 4122 961 4184 depereunt
973 4119 1080 4182 Quintil.
1153 4120 1182 4168 17
1191 4127 1266 4180 poeto
1277 4117 1356 4167 Laeh.

151 4207 193 4257 lor
206 4215 304 4256 macto:
320 4218 351 4254 so
364 4219 375 4254 1
390 4205 448 4255 942.
481 4220 499 4253 o
515 4210 586 4252 tactu
600 4203 672 4253 Nioe.
688 4202 808 4253 oneVat
823 4202 881 4252 Ver.
894 4201 1224 4253 Vensldnsuntwak.
1257 4211 1355 4252 attactu

152 4288 222 4340 Ποῖ.
233 4290 264 4338 31
281 4289 298 4337 3
314 4286 373 4337 Vnt.
406 4288 513 4336 adtactu
534 4283 625 4334 Camb.
660 4294 731 4334 tactu
746 4284 838 4334 Inmb.
855 4283 896 4334 etl
913 4286 937 4334 3.
968 4287 1041 4348 sacro
1057 4282 1147 4334 Lamo,
1166 4283 1206 4333 ed.
1225 4286 1238 4332 1
1255 4283 1308 4334 and
1330 4286 1353 4343 2,
