3008 4800
732 216 787 280 III

251 402 327 444 nam
350 380 460 466 procul
484 379 559 445 hinc
581 380 681 445 dubio
703 380 795 445 nobis
817 381 989 446 simulacra
1010 391 1236 469 genunturz—

253 507 338 548 nunc
361 485 464 572 igitur
485 485 637 570 quoniam
661 484 821 571 quassatis
844 486 987 573 undique
1009 487 1093 551 vasis

252 588 398 653 diffluere
421 610 566 652 umorem
589 597 624 652 et
648 589 778 652 laticem
800 589 964 654 discedere
986 591 1090 655 cernis
1306 607 1347 670 43
1353 603 1368 671 5

252 702 287 755 01
309 692 429 755 nebula
450 713 488 755 ac
510 692 619 756 fumus
640 691 793 777 quonium
815 691 953 757 discedit
974 693 1009 756 in
1031 715 1133 770 suras,

252 793 346 857 crede
368 793 511 857 animum
533 815 662 880 quoque
684 793 823 858 diffundi
845 794 1014 880 multoque
1036 797 1140 881 perire

252 897 340 961 ocius
362 905 397 962 et
419 897 517 961 citius
538 897 670 961 dissolvi
691 897 728 961 iu
749 919 880 983 corpora
901 899 1015 984 primu,

252 1022 326 1063 cum
348 1001 448 1066 semel
470 1022 511 1064 ex
533 1000 674 1065 hominis
696 1001 849 1066 membris
871 1001 980 1066 ablata
1001 1004 1139 1068 recessit.

253 1103 373 1189 quippe
396 1105 518 1169 etenim
540 1125 664 1189 corpus,
686 1103 773 1189 quod
794 1108 861 1168 vos
873 1105 966 1189 quusi
987 1105 1134 1170 constitit
1155 1107 1234 1182 elue,
1307 1125 1373 1187 440

252 1228 327 1270 cum
349 1208 498 1272 cohibere
520 1210 636 1292 nequit
658 1216 905 1292 conquassatum
929 1229 969 1272 ex
990 1208 1155 1294 aliquare

254 1331 291 1373 ao
313 1311 508 1376 rarefactum
530 1310 676 1374 detracto
698 1309 857 1396 sanguine
879 1310 979 1388 venis,

254 1436 328 1478 aere
349 1413 407 1498 qui
429 1413 539 1478 credas
561 1434 654 1498 posse
677 1412 761 1477 huno
782 1413 960 1479 cohiberier
980 1361 1099 1501 ullol(

255 1539 384 1602 corpore
407 1516 465 1602 qui
487 1524 596 1581 nostro
617 1538 708 1581 rarus
730 1516 835 1604 mngis
855 1517 886 1582 is
907 1484 1119 1601 cohibessitli

299 1620 471 1685 Praeterea
492 1618 584 1706 gigni
606 1619 728 1706 pariter
749 1643 823 1685 cum
846 1642 975 1706 corpore
997 1631 1032 1687 et
1053 1644 1119 1686 unu
1306 1637 1370 1702 445

256 1746 397 1789 crescere
418 1724 579 1788 sentimus
600 1723 787 1810 pariterque
808 1745 973 1789 senescere
995 1694 1164 1838 mentem!

256 1851 331 1893 nam
354 1829 445 1893 velut
467 1827 595 1892 infirmo
616 1828 711 1914 pueri
733 1835 908 1914 teneroque
930 1836 1091 1915 vagantur

256 1954 394 2018 corpore,
416 1932 462 1997 sio
484 1932 586 1997 animi
608 1931 757 2018 sequitur
778 1932 942 1996 sententia
963 1911 1094 2043 tenvis}

256 2037 331 2100 inde
353 2036 412 2100 ubi
433 2035 575 2101 robustis
597 2036 739 2100 adolevit
761 2036 883 2101 viribus
905 2044 1004 2114 uetus,

255 2139 426 2204 consilium
448 2161 576 2225 quoque
599 2139 705 2204 maius
728 2148 762 2204 et
783 2139 908 2205 auctior
929 2147 980 2205 est
1002 2139 1103 2204 animi
1126 2104 1199 2240 vis!
1309 2155 1376 2220 450
1450 2173 1453 2178 ·

256 2253 330 2330 post
352 2243 411 2308 ubi
431 2243 498 2307 ium
520 2242 636 2307 validis
659 2251 848 2329 quassatum
870 2251 920 2308 est
942 2243 1066 2309 viribus
1087 2244 1159 2308 ueri

257 2368 372 2432 corpus
394 2354 429 2411 et
452 2346 576 2411 obtusis
598 2346 785 2411 ceciderunt
807 2346 930 2412 viribus
952 2353 1052 2420 artus,

257 2450 419 2516 claudicat
440 2449 618 2537 ingenium,
640 2449 757 2515 delirat
779 2450 899 2537 lingua,
922 2449 1009 2517 ucat
1030 2472 1129 2527 mens,

259 2555 367 2619 omniu
389 2554 546 2620 deficiunt
568 2562 668 2640 utque
690 2576 756 2619 uno
778 2562 922 2640 tempore
944 2542 1090 2648 desunt(

259 2682 333 2744 ergo
355 2658 490 2723 dissolui
512 2680 641 2744 quoque
663 2659 814 2723 convenit
837 2680 964 2722 omnem
987 2658 1108 2723 animai
1310 2673 1374 2739 455

259 2773 419 2840 naturam,
441 2785 500 2828 ceu
523 2764 641 2841 fumus,
663 2763 699 2826 in
720 2763 804 2827 altos
826 2761 908 2827 aeris
930 2783 1041 2840 auras3

258 2866 520 2952 quandoquidem
542 2865 635 2952 gigni
657 2865 779 2951 pariter
800 2865 986 2951 pariterque
1008 2865 1155 2930 videmus

258 2993 398 3036 crescere
421 2979 465 3048 et,
486 2980 522 3036 ut
542 2970 647 3047 docui,
668 2970 766 3034 simul
788 2993 867 3035 aevo
890 2970 973 3034 fessa
996 2958 1132 3087 fatisci!

68 3180 71 3185 -
174 3213 238 3260 lare:
255 3211 364 3270 01101010,
377 3224 394 3258 v
404 3208 453 3258 463
464 3211 636 3271 Brutumque,
650 3209 828 3260 1147801110
840 3208 892 3269 AB,
909 3207 1026 3258 followed
1041 3208 1074 3270 by
1084 3208 1163 3258 Iruoh.
1182 3206 1238 3257 who
1253 3206 1315 3257 does
1330 3211 1377 3257 not

173 3289 288 3339 however
299 3288 365 3338 omit
376 3288 421 3338 the
431 3287 553 3350 aspirato,
567 3289 651 3338 where
662 3288 725 3351 only
735 3289 758 3337 A
769 3303 798 3338 or
808 3289 830 3338 B
842 3287 907 3338 omit
918 3289 949 3348 it,
960 3303 991 3339 us
1006 3303 1027 3337 11
1039 3290 1087 3340 417
1098 3303 1115 3336 r
1127 3290 1173 3337 253
1185 3303 1211 3336 vr
1223 3288 1270 3337 811
1287 3286 1338 3337 und
1349 3303 1377 3337 rr

173 3373 221 3422 864
232 3387 259 3420 vr
271 3373 325 3421 221.
364 3373 463 3420 ‘exutas
481 3371 535 3419 this
547 3370 614 3420 lorm
625 3370 648 3420 is
659 3371 741 3420 better
752 3371 862 3421 attested
872 3371 906 3433 by
917 3372 1022 3421 ancient
1037 3386 1099 3420 mss.
1116 3370 1181 3421 thun
1196 3370 1240 3419 the
1255 3384 1376 3419 common

174 3452 304 3503 exhalare’
316 3452 404 3514 Halm,
419 3451 548 3515 (11001111.
566 3466 588 3500 11
604 3453 635 3501 30
650 3451 689 3503 ed
709 3452 808 3514 Muyor.
842 3451 906 3501 This
922 3466 1006 3502 seems
1019 3450 1138 3502 doubtful
1152 3465 1216 3500 even
1231 3450 1259 3499 in
1275 3449 1375 3500 Cicero:

173 3535 215 3584 his
231 3535 383 3610 colleagups
400 3533 490 3583 Baiter
506 3533 581 3584 'lusu
602 3549 612 3583 1
629 3534 661 3582 43
678 3549 700 3583 rr
718 3536 748 3582 22
766 3534 818 3584 and
835 3533 933 3584 Jordan
950 3534 1022 3584 Verr.
1040 3537 1073 3584 1'11
1089 3536 1121 3584 28
1137 3533 1219 3584 retain
1238 3535 1265 3582 t:
1289 3533 1318 3582 ο1
1332 3531 1377 3582 the

174 3617 269 3680 capitul
280 3630 343 3665 mss.
355 3616 384 3665 01
394 3615 476 3678 Virgil
487 3616 548 3676 only
559 3615 587 3663 M
598 3630 682 3664 seems
693 3630 752 3665 ever
763 3619 790 3664 1ο
801 3616 867 3666 omit
879 3614 908 3666 11.
1028 3617 1076 3665 433
1089 3618 1147 3665 hinc
1158 3614 1242 3664 Bentl.
1255 3616 1295 3664 101
1307 3616 1376 3663 lurco.

173 3708 296 3764 qeuuutur
306 3699 400 3749 Lumb.
412 3699 453 3749 101
462 3707 591 3762 peruritur.
741 3699 790 3748 438
803 3698 958 3750 0011011100
972 3699 1071 3749 Boorr.
1083 3700 1123 3748 for
1136 3699 1221 3761 Opius.
1255 3700 1284 3746 1η
1295 3696 1378 3746 added

176 3785 209 3848 by
219 3785 241 3833 B
252 3799 316 3834 corr.
437 3783 486 3831 441
500 3784 568 3832 Cum.
608 3783 688 3843 Quum
699 3782 765 3831 Mur.
778 3782 794 3830 J
795 3785 851 3831 unt.
864 3781 938 3830 Wslr.
949 3781 1029 3832 Lech.
1150 3781 1198 3830 444
1210 3783 1233 3829 ic
1244 3781 1377 3829 cohibuerit

173 3866 252 3917 Luch.
265 3867 305 3916 101
315 3867 486 3918 incohibescit.
520 3880 561 3914 um
571 3866 703 3915 cohibuerit
714 3865 806 3914 bamb.
819 3865 871 3914 Gis.
899 3865 1059 3915 11100ὴῶ0011
1070 3863 1144 3913 71011.
1171 3879 1247 3926 usquc
1260 3865 1376 3925 liquescit

174 3947 250 3998 Bern.
284 3950 312 3998 iu
329 3963 377 4011 quo
393 3949 490 3997 habitet
501 3949 534 3995 rit
545 3945 595 3995 nd.
606 3945 635 3994 in
645 3946 722 3995 small
733 3946 787 3995 ed:
805 3948 892 4008 inquo
904 3943 988 4007 might
999 3943 1030 3994 be
1040 3943 1133 3994 loclred
1149 3959 1183 3993 on
1198 3958 1227 3992 us
1243 3958 1293 3993 one
1308 3940 1377 3992 word

174 4031 226 4081 und
237 4030 281 4080 the
292 4028 385 4078 elision
396 4029 459 4077 thus
469 4025 608 4087 defended3
626 4026 672 4076 but
684 4040 725 4075 see
735 4025 797 4074 Isuc.
812 4025 919 4074 Mueller
929 4023 961 4073 de
975 4037 1004 4073 re
1018 4029 1093 4073 metr.
1105 4038 1130 4085 p.
1146 4025 1193 4072 284
1209 4023 1261 4072 und
1276 4025 1349 4072 notes
1363 4024 1378 4070 2

171 4118 219 4162 tor
232 4113 303 4163 1091.
381 4112 430 4160 450
441 4113 541 4160 auctior
551 4109 573 4157 B
585 4123 649 4158 corr.
664 4107 734 4156 Nico.
746 4121 810 4158 corr.
826 4106 945 4171 (1111101.
960 4104 1093 4155 31001111).
1106 4105 1249 4154 forouctor.
1327 4104 1375 4154 453

173 4199 268 4258 linqua,
286 4197 356 4245 labat
372 4210 438 4244 uum
455 4193 536 4243 Luch.
555 4193 595 4241 for
613 4194 703 4253 linqua
718 4205 794 4240 uteru.
829 4191 917 4252 licique
932 4189 1015 4238 nudet
1029 4203 1095 4238 meru
1109 4187 1131 4236 B
1147 4201 1211 4236 corr.
1231 4187 1298 4235 from
1316 4188 1375 4238 479.

175 4279 309 4340 linquaque
320 4291 435 4338 nutuque
447 4275 518 4324 Nicc.
530 4274 599 4336 vulg.
705 4272 754 4322 456
764 4273 831 4321 aerio
843 4270 886 4320 old
897 4270 949 4321 eds.
965 4269 1004 4320 lor
1014 4272 1090 4320 01111.
1195 4270 1243 4318 458
1253 4277 1282 4318 ut
1294 4268 1377 4318 added

174 4359 208 4420 by
222 4358 244 4407 B
259 4373 322 4408 0011.
354 4359 448 4421 fatisci
462 4357 534 4406 Nico.
552 4356 621 4404 Flor.
638 4356 669 4403 31
687 4353 776 4404 (lamb.
796 4354 854 4404 Vct.
873 4353 944 4402 Mon.
961 4352 1056 4403 Bentls
1066 4353 1106 4402 101
1116 4353 1205 4416 sactis.
1234 4353 1339 4414 fatiscit
1355 4351 1377 4399 B
