3008 4800
720 231 769 294 v1

226 400 346 465 finibus
368 401 403 466 in
425 401 577 485 Cecropis
600 403 744 464 funestos
766 399 909 463 reddidit
932 421 1024 484 agros

226 505 432 590 vastavitque
456 505 531 578 vias,
555 503 706 567 exhausit
729 502 854 566 civibus
877 471 1038 595 urbemlt'

227 631 302 675 nam
326 609 457 693 penitus
480 607 612 671 veniens
635 607 779 691 Aegypti
803 606 921 670 finibus
943 616 1040 681 ortus,

228 734 304 775 aera
325 733 514 797 permensus
537 710 679 773 multum
702 732 896 794 camposque
918 708 1070 784 natantis,

227 815 377 878 incubuit
400 814 533 877 tandem
555 813 675 898 populo
699 813 874 876 Pandionis
897 811 1012 888 omnei,

228 917 304 981 inde
326 917 517 980 catervatim
541 916 657 980 morbo·
675 917 836 1000 mortique
859 879 1077 992 dabantur.ll

228 1018 386 1105 principio
408 1028 508 1103 caput
530 1019 698 1083 incensum
721 1020 842 1082 fervore
865 1019 1023 1104 gerebant

230 1132 264 1187 et
286 1123 424 1207 duplicis
447 1122 554 1187 oculos
576 1123 700 1187 suffusa
722 1123 793 1186 luce
816 1099 1021 1205 rubenteslq

231 1226 393 1290 sudabant
417 1227 516 1291 etiam
541 1228 650 1291 fauces
672 1228 866 1292 intrinsecus
888 1236 978 1291 atrae

230 1329 389 1415 sanguine
412 1339 447 1394 et
468 1330 631 1395 ulceribus
653 1331 740 1394 vocis
763 1331 816 1394 via
837 1339 952 1416 saepta
974 1333 1080 1396 coibat

233 1443 333 1519 atque
355 1421 458 1499 animi
479 1436 641 1521 interpres
663 1437 817 1501 manabat
840 1439 952 1523 lingua
974 1461 1084 1503 cruore

230 1539 402 1603 debilitata
424 1541 527 1617 malis,
550 1549 641 1605 motu
663 1542 780 1627 gravis,
802 1564 916 1626 aspera
941 1516 1076 1637 tactui?

230 1642 307 1706 inde
330 1643 387 1707 ubi
409 1665 468 1728 per
490 1644 597 1708 fauces
620 1653 734 1730 pectus
757 1646 934 1730 complerat
956 1654 990 1709 et
1012 1646 1118 1731 ipsum

231 1743 378 1807 morbida
400 1743 449 1807 vis
471 1744 505 1806 in
528 1766 582 1807 cor
604 1751 765 1809 maestum
788 1745 987 1809 confluxerat
1009 1745 1121 1830 aegris,

232 1841 347 1909 omnia¹
363 1855 435 1910 tum
457 1869 532 1911 vero
555 1847 638 1910 vitai
659 1847 800 1911 claustra
822 1833 1024 1936 lababantlb

233 1949 367 2035 spiritus
390 1973 444 2015 ore
467 1953 551 2016 foras
574 1960 718 2016 taetrum
742 1951 892 2015 volvebat
915 1952 1053 2028 odorem,

233 2054 364 2118 rancida
387 2077 450 2140 quo
473 2056 620 2140 perolent
642 2057 785 2141 proiecta
807 2055 963 2120 cadavera
984 2036 1100 2149 ritult

233 2164 333 2240 atque
355 2158 458 2221 animi
479 2180 627 2242 prorsum
651 2168 719 2224 tum
740 2159 825 2222 vires
847 2160 959 2235 totiuS,
982 2181 1075 2222 omne

234 2259 411 2345 languebat
432 2283 547 2345 corpus
571 2261 629 2324 leti
651 2261 715 2325 iam
740 2261 852 2325 limine
874 2262 909 2325 in
931 2238 1049 2348 ipsolr'

234 2362 557 2448 intolerabilibusque
581 2364 675 2428 malis
698 2375 768 2429 erat
790 2366 907 2428 anxius
929 2387 1030 2450 angor

233 2465 368 2530 adsidue
390 2489 496 2531 comes
519 2477 553 2530 et
575 2467 702 2553 gemitu
725 2469 902 2532 commixta
924 2437 1113 2554 querellals

232 2570 461 2656 singultusque
484 2571 635 2656 frequens
657 2579 786 2634 noctem
809 2593 866 2656 per
888 2593 983 2656 saepe
1006 2571 1156 2655 diemque
1272 2572 1353 2635 1160

233 2673 391 2756 corripere
413 2673 548 2739 adsidue
571 2696 688 2738 nervos
711 2683 745 2739 et
767 2674 913 2739 membra
935 2685 1082 2739 coactans

235 2775 433 2840 dissoluebat
456 2798 518 2853 eos,
541 2775 681 2841 defessos
703 2784 789 2853 ante,
812 2749 998 2873 fatiganslt

234 2901 293 2943 nec
315 2880 416 2944 nimio
438 2881 590 2965 cuiquam
613 2902 721 2965 posses
744 2881 856 2945 ardore
879 2883 965 2946 tueri

234 2983 373 3068 eorporis
395 2984 430 3047 in
452 3007 579 3048 summo
600 3007 762 3049 summam
785 2986 959 3050 fervescere
982 2993 1117 3070 partem,

233 3087 290 3151 sed
312 3087 421 3173 potius
444 3089 592 3173 tepidum
616 3090 767 3153 manibus
790 3111 965 3175 proponere
989 3096 1111 3152 tactum
1274 3091 1351 3168 1165

235 3198 270 3254 et
292 3191 390 3254 simul
412 3192 575 3256 ulceribus
598 3193 690 3278 quasi
712 3193 830 3257 inustis
853 3215 948 3256 omne
972 3192 1085 3256 rubere

236 3317 359 3380 eorpus,
383 3304 421 3359 ut
443 3304 494 3359 est
515 3318 574 3381 per
596 3296 742 3360 membra
763 3318 853 3361 sacer
874 3296 953 3360 dum
977 3296 1100 3360 diditur
1122 3294 1215 3380 ignis.
1245 3297 1260 3362 l

234 3398 352 3463 intima
374 3422 448 3484 pars
471 3400 640 3464 hominum
663 3423 737 3464 vero
760 3401 918 3486 flagrabat
940 3401 982 3464 ad
1004 3422 1082 3475 ossa,

146 3645 231 3686 cestus
242 3637 356 3687 Macrob.
368 3643 416 3688 sat.
428 3654 455 3688 vr
467 3641 482 3688 2
494 3643 517 3698 7,
530 3640 604 3691 Pont.
620 3640 677 3690 Ald.
691 3642 704 3689 l
717 3642 733 3690 J
735 3645 791 3690 unt.
804 3640 895 3690 Lamb.
913 3641 952 3690 for
967 3643 1132 3703 mortiferae:
1151 3640 1195 3689 the
1207 3639 1258 3688 last
1269 3639 1358 3688 letters

148 3719 246 3781 having
256 3719 370 3783 dropped
380 3723 434 3770 out.
468 3725 584 3786 owrtiser
598 3738 643 3772 aer
657 3723 748 3772 Lamb.
765 3723 793 3771 in
810 3727 894 3772 notes.
928 3725 1068 3785 curtiferai
1084 3721 1173 3770 Gamb.
1191 3720 1273 3770 morti’
1285 3721 1358 3783 feret

147 3801 227 3851 Lech.
240 3802 298 3851 who
308 3803 332 3850 ie
343 3802 405 3852 then
417 3803 507 3852 driven
519 3808 546 3853 to
558 3804 619 3854 read
630 3806 658 3853 in
672 3807 734 3854 1141
747 3808 843 3855 otorbuc
855 3807 895 3854 for
906 3813 991 3854 ortm:
1009 3820 1079 3853 orcus
1092 3805 1186 3852 Arane.

182 3885 246 3934 1139
262 3887 291 3933 in
310 3887 424 3948 Cecropis
442 3887 556 3936 Macrob.
574 3888 591 3935 l.
604 3887 622 3935 l.
640 3887 708 3937 Flor.
726 3889 757 3937 31
775 3888 863 3938 (lamb.
884 3887 961 3936 Pont.
979 3887 1052 3934 Junt.
1069 3886 1109 3933 for
1126 3888 1153 3933 in
1172 3886 1296 3946 Cecropii.
1330 3885 1360 3933 in

149 3965 386 4028 CecropiisAcorr.
399 3967 469 4016 Nico.
503 3969 607 4017 Finitu'
621 3969 747 4030 Cecropiis
758 3968 849 4017 Lamb.
1015 3966 1260 4015 11430mnei12aoh.
1293 3969 1361 4015 omni

148 4048 352 4098 ManilAvano.
369 4051 409 4098 for
423 4065 517 4099 omnem
533 4051 556 4098 Α
570 4049 640 4098 Nico.
676 4065 744 4099 omne
762 4049 792 4097 B.
826 4064 907 4098 omues
928 4049 997 4098 Unde
1013 4048 1191 4105 Junt.‚omues
1208 4047 1271 4096 Inde
1287 4047 1358 4100 Brix.

148 4132 255 4194 Nauger.
270 4132 360 4182 Lamb.
375 4136 423 4181 eto.
589 4133 653 4183 1147
664 4141 743 4182 atrae.
781 4140 836 4181 utro
846 4132 905 4182 Vat.
918 4133 966 4182 640
978 4131 1069 4180 Urbin.
1082 4130 1139 4179 Ald.
1153 4131 1166 4178 l
1179 4131 1251 4179 June
1266 4129 1360 4180 Lamb.

148 4221 219 4262 artae
230 4228 294 4262 mss.
306 4213 559 4264 olMacrob.v129.
662 4214 725 4263 1156
738 4221 789 4263 tum
801 4212 883 4262 added
895 4214 928 4276 by
936 4214 1008 4263 Wak.
1019 4214 1084 4262 after
1092 4227 1214 4275 prorsum.
1248 4212 1315 4262 Flor.
1328 4214 1360 4261 31

148 4292 207 4344 Ver.
219 4295 283 4346 Ven.
298 4295 365 4357 vulg.
379 4294 467 4344 addet
479 4294 564 4344 before
575 4309 653 4353 omne,
665 4293 778 4356 perhaps
794 4293 898 4356 rightly.
999 4293 1061 4343 1165
1069 4295 1155 4356 potios
1167 4291 1260 4342 Marul.
1275 4292 1333 4341 Ald.
1347 4295 1357 4341 1

148 4375 370 4427 luntfortottus.
470 4375 534 4425 1167
546 4377 611 4426 dum.
648 4375 812 4424 cumAcorr.
825 4376 895 4424 Nico.
908 4375 974 4436 vulg.
989 4374 1074 4424 before
1085 4373 1164 4447 Lech.
