3008 4800
721 205 738 267 I

209 367 364 433 terrificet
388 355 507 432 morbo
521 367 666 444 adfectis,
690 390 864 453 somnoque
887 368 1031 453 sepultis,

210 493 340 536 cernere
363 472 414 536 uti
437 472 605 537 videamur
628 493 682 536 eos
703 471 880 555 audireque
902 494 1017 546 coram,

244 576 710 742 Pittfisttatuptuffloitihhq
732 560 1074 743 Wlfftitdrmffiffiqg

119 764 154 781 f,
210 701 269 744 nec
292 702 421 744 meam
457 703 468 743 r
502 703 522 743 a
536 680 575 743 ht
589 679 768 795 rpffimufuffl
791 679 924 798 obp'qurg
946 701 1060 803 {Spffp
1130 753 1174 792 m

112 797 153 831 ἓ·
209 748 538 847 diditiidiiilustrare
561 741 688 846 issimis
708 757 793 846 ¹uersi
818 803 855 845 us
870 763 954 858 Qesse,
1064 769 1079 791 ⁶
1097 763 1128 799 a

210 885 316 971 multa
338 886 429 968 novis
452 886 558 950 verbis
580 876 770 971 praesertim
792 908 867 949 cum
889 885 933 948 sit
955 885 1115 970 agendum

212 997 344 1073 propter
367 997 546 1076 egestatem
570 989 757 1076 linguseet
780 1011 886 1052 rerum
909 988 1105 1066 novitatem;

211 1088 269 1153 sed
292 1098 350 1154 tua
372 1113 425 1156 me
449 1092 552 1156 virtus
575 1100 685 1156 tamen
708 1099 742 1156 et
765 1098 892 1175 sperata
914 1089 1062 1174 voluptas

212 1195 321 1260 suavis
343 1196 507 1261 amicitiae
530 1195 678 1280 quemvis
700 1195 832 1260 sufferre
855 1184 1001 1258 laborem¹

212 1297 328 1362 suadet
350 1307 384 1362 et
406 1298 533 1363 inducit
555 1307 667 1362 noctes
690 1297 822 1385 vigilare
843 1318 971 1362 serenas

134 1471 143 1487 ι,
179 1433 184 1461 :
211 1410 423 1486 quaerentem
446 1401 543 1467 dictis
566 1401 684 1487 quibus
706 1409 740 1465 et
763 1423 826 1485 quo
848 1401 989 1464 carmine
1012 1398 1142 1463 demum

134 1489 186 1526 ²³⁸⁴
213 1505 299 1568 clara
322 1512 399 1569 tuae
422 1504 541 1590 possim
564 1503 782 1589 praepandere
805 1503 928 1567 lumina
950 1503 1062 1578 menti,

214 1630 264 1672 res
287 1608 406 1692 quibus
429 1608 570 1672 occultas
591 1606 723 1693 penitus
746 1607 908 1671 convisere
931 1594 1055 1699 possis}

152 1768 157 1796 ,-
183 1744 188 1765 2
259 1709 358 1772 Hunc
380 1709 483 1795 igitur
504 1717 659 1773 terrorem
681 1707 783 1772 animi
805 1709 1017 1794 tenebrasque
1039 1717 1198 1773 necessest

168 1800 174 1819 ³
214 1833 280 1876 non
302 1810 385 1875 radii
407 1811 482 1875 solis
504 1833 611 1896 neque
633 1810 741 1874 lucida
763 1811 829 1875 tela
850 1810 915 1875 diei

213 1914 400 1991 discutiant,
423 1914 479 1979 sed
501 1922 638 1978 naturae
660 1914 782 1999 species
804 1913 975 2014 ratioque}

216 2017 412 2103 principium
435 2016 527 2082 cuius
549 2017 626 2080 hinc
648 2016 739 2082 nobis
762 2017 892 2081 exordia
913 2026 1030 2093 sumet,

216 2121 339 2184 nullam
362 2141 431 2184 rem
454 2142 472 2184 e
495 2119 561 2183 nilo
583 2119 675 2207 gigni
696 2119 854 2184 divinitus
875 2108 1058 2217 umquam-1

216 2224 339 2310 quippe
361 2224 409 2288 ita
431 2222 566 2287 formido
589 2223 732 2287 mortalis
755 2222 899 2287 continet
921 2223 1032 2299 omniu,

134 2343 171 2404 [r
216 2326 303 2412 quod
325 2325 431 2389 multa
452 2325 487 2389 in
510 2324 605 2406 terris
628 2324 697 2390 fieri
719 2325 870 2411 caeloque
893 2334 1028 2390 tuentur

216 2452 354 2516 quorum
377 2451 511 2515 operum
533 2419 646 2494 causas
668 2429 759 2493 nulla
779 2429 904 2494 ratione
927 2429 1032 2493 videre

215 2542 352 2620 possunt
373 2556 411 2598 ac
433 2533 502 2598 fieri
524 2532 635 2597 divino
656 2533 791 2598 numine
813 2518 952 2627 rentur}

135 2639 195 2720 156
216 2658 297 2723 quas
320 2637 361 2702 ob
384 2659 434 2701 res
457 2636 515 2701 ubi
537 2635 713 2701 viderimus
735 2636 782 2700 nil
803 2658 896 2723 posse
918 2637 1018 2701 creari

218 2741 258 2805 de
280 2740 356 2818 nilo,
379 2748 452 2804 tum
474 2739 561 2824 quod
583 2739 750 2824 sequimur
771 2741 836 2804 iem
859 2740 978 2805 rectius
1001 2740 1075 2804 inde

218 2842 460 2929 perspiciemus,
482 2850 517 2906 et
539 2841 626 2907 unde
647 2850 746 2926 queat
769 2865 819 2907 res
841 2865 988 2928 quaeque
1009 2841 1109 2906 creari

136 2962 170 3028 15
177 2962 191 3028 5
218 2955 252 3011 et
275 2968 340 3031 quo
362 2967 510 3031 quaeque
533 2945 628 3009 modo
650 2946 732 3010 fiant
754 2968 850 3033 opera
873 2948 942 3012 sine
964 2937 1103 3041 divom}

83 3067 196 3142 §1159
263 3049 350 3114 Nam
374 3051 401 3114 si
424 3049 465 3114 de
487 3050 553 3114 nilo
576 3049 700 3127 fierent,
722 3073 761 3116 ex
785 3051 926 3115 omnibu'
949 3051 1044 3115 rebus

83 3136 111 3161 ⁴⁸
218 3176 313 3218 omne
336 3176 439 3241 genus
461 3153 550 3218 nasci
572 3162 690 3239 posset,
711 3155 758 3218 nil
781 3155 903 3219 semine
926 3141 1066 3270 egeret,

213 3281 236 3324 'e
261 3281 348 3323 mare
371 3258 513 3344 primum
535 3258 690 3335 homines,
713 3281 731 3324 e
753 3266 840 3323 terra
860 3266 968 3344 posset
991 3259 1065 3322 orin

122 3354 160 3420 'u
218 3362 459 3449 squamigerum
481 3384 585 3448 genus
607 3372 642 3426 et
664 3362 806 3426 volucres
829 3383 996 3446 erumpere
1018 3360 1122 3438 eaelo;

219 3473 368 3529 armenta
389 3475 489 3550 atque
512 3464 594 3530 aliae
617 3465 768 3550 pecudes
787 3487 890 3551 genus
912 3486 1006 3528 omne
1030 3465 1176 3539 ferarum,

136 3604 170 3663 q
219 3569 342 3632 incerto
364 3580 461 3655 partu
484 3569 573 3632 culta
594 3590 632 3633 ac
653 3568 780 3633 deserta
803 3557 983 3672 tenerent]

135 3808 269 3870 coepisset.
346 3807 393 3855 130
411 3814 463 3854 tum
473 3805 542 3855 Flor.
553 3808 585 3856 25
597 3806 650 3856 and
661 3808 692 3855 31
705 3806 794 3856 Cemb.
806 3822 831 3869 p.
844 3821 878 3856 m.
892 3806 955 3856 Mer.
969 3807 1008 3855 for
1021 3815 1086 3875 turm
1162 3807 1207 3855 141
1225 3808 1337 3870 quesitis

133 3891 236 3951 sufferre
248 3887 316 3938 Flos.
333 3889 364 3936 32
380 3888 408 3937 in
424 3887 534 3950 margin,
550 3887 675 3938 Heinsius
691 3888 719 3937 in
735 3903 783 3937 ms.
800 3892 880 3949 notes,
895 3887 948 3938 and
962 3888 1042 3937 Faber
1060 3890 1099 3938 for
1113 3891 1223 3952 querrwis
1240 3892 1335 3952 efferre.

133 3971 180 4032 [So
197 3970 308 4034 perhaps
324 3970 376 4021 cie.
395 3971 469 4033 epist.
482 3985 531 4019 v111
548 3972 561 4019 l
579 3973 594 4018 2
609 3985 646 4020 us
662 3969 756 4020 should
773 3970 833 4019 read
847 3985 967 4020 serutoues
983 3973 1134 4033 suppressit:
1152 3972 1274 4033 expressit
1289 3970 1336 4035 hh]

133 4052 211 4102 Dion.
221 4053 278 4102 Oat.
286 4052 390 4103 distich.
399 4067 431 4102 111
444 4053 458 4102 6
469 4053 518 4102 has
530 4056 641 4116 qtemvis
649 4055 753 4116 sufferre
765 4053 878 4113 labereta,
888 4051 997 4115 perhaps
1006 4053 1083 4102 taken
1092 4052 1158 4102 from
1167 4051 1228 4103 this.
1287 4054 1334 4103 155

134 4137 215 4186 -158
227 4136 292 4185 Mar.
305 4135 378 4186 Junt.
391 4136 444 4185 and
455 4135 557 4198 margin
569 4136 598 4184 of
607 4135 696 4187 camb.
707 4135 772 4185 have
784 4135 856 4185 these
867 4150 904 4184 vs.
913 4135 941 4184 in
950 4134 1018 4197 right
1030 4135 1110 4192 order,
1120 4134 1172 4185 and
1183 4143 1207 4184 et
1219 4136 1260 4185 for
1270 4143 1299 4185 ut
1307 4136 1335 4186 in

135 4217 190 4268 157.
208 4215 1141 4279 transissem-ndatendofhiseoitionoreatus.1502hasright0rder.
1158 4216 1336 4268 etPont.also.

114 4311 117 4318 ·
184 4297 313 4354 161-164
336 4313 380 4347 are
402 4298 500 4361 rightly
521 4298 584 4348 thus
607 4297 766 4362 punctuated
788 4297 821 4360 by
842 4297 922 4347 Lech.
955 4297 969 4346 I
991 4297 1046 4347 find
1067 4297 1182 4348 however
1204 4297 1273 4347 from
1294 4297 1337 4348 his

134 4379 210 4441 proof
228 4378 314 4430 sheets
334 4380 393 4430 that
413 4380 480 4429 until
504 4380 549 4430 the
571 4380 634 4430 final
653 4378 767 4430 reunion
786 4378 819 4429 he
837 4378 889 4431 had
907 4377 970 4429 with
989 4376 1064 4429 Wak.
1083 4382 1130 4442 put
1151 4392 1168 4429 a
1190 4383 1249 4443 stop
1270 4381 1339 4430 after
