3008 4800
687 187 716 249 V

223 351 317 414 Luna
337 358 446 434 potest
468 348 545 413 solis
567 348 667 412 radiis
689 370 842 432 percussa
864 348 968 413 nitere

180 451 278 538 inque
300 452 369 517 dies
392 451 496 538 magis
517 451 554 515 id
577 451 688 515 lumen
710 459 897 516 convertere
921 451 1013 515 nobis

179 553 221 618 ad
243 554 392 639 speciem,
415 561 576 636 quantum
599 552 675 616 solis
697 552 821 617 secedit
843 553 886 617 ab
909 552 987 628 orbi,

179 656 319 742 donique
342 678 417 720 eum
441 663 554 718 contra
576 655 673 739 pleno
696 655 779 720 bene
803 655 927 720 lumine
951 655 1041 718 fulsit

180 768 279 844 atque
301 759 406 821 oriens
429 758 538 822 obitus
556 757 631 821 'eius
654 780 752 842 super
774 757 864 822 edita
887 757 988 836 vidit;

180 865 256 929 inde
278 863 466 935 minutatim
490 871 577 927 retro
600 863 692 948 quasi
715 862 852 927 condere
876 863 987 927 lumen

180 968 278 1033 debet
300 968 389 1044 item,
412 976 534 1052 quanto
557 966 690 1052 propius
712 966 779 1030 iam
802 966 878 1031 solis
900 965 943 1030 ad
964 966 1074 1053 ignem

181 1061 302 1136 labitur
324 1094 363 1136 ex
386 1071 450 1134 alia
471 1070 638 1157 signorum
660 1078 754 1154 parte
779 1091 836 1154 per
858 1070 986 1149 orbem;

182 1183 220 1240 ut
242 1175 374 1254 faciunt,
397 1175 508 1239 lunam
530 1174 589 1259 qui
610 1174 742 1260 fingunt
764 1195 834 1238 esse
858 1174 937 1260 pilai

183 1277 380 1342 consimilem
403 1299 578 1362 cursusque
603 1277 688 1341 viam
711 1278 772 1342 sub
794 1278 862 1342 sole
884 1231 1026 1389 tenera(

181 1390 232 1447 est
254 1381 354 1446 etiam
377 1404 475 1466 quare
498 1381 626 1466 proprio
650 1404 724 1445 oum
748 1381 872 1446 lumine
895 1381 997 1466 possit

183 1484 303 1549 volvier
325 1492 360 1548 et
383 1484 486 1548 varias
508 1483 688 1569 splendoris
710 1484 845 1549 reddere
869 1453 1012 1595 formasl

184 1609 298 1672 corpus
321 1586 408 1651 enim
431 1586 507 1651 licet
530 1609 600 1651 essa
622 1586 712 1651 aliud
735 1587 822 1671 quod
845 1587 948 1652 fertur
970 1596 1004 1653 et
1027 1609 1092 1652 una

184 1690 306 1756 labitur
327 1691 521 1757 omnimodis
544 1693 714 1756 occursans
736 1690 944 1776 officiensque

184 1816 245 1859 neo
266 1796 352 1880 potis
375 1803 426 1859 est
448 1793 546 1871 cerui,
570 1794 648 1880 quia
670 1817 797 1859 cassum
820 1794 945 1859 lumine
967 1795 1077 1858 fertur.

185 1897 367 1982 versarique
390 1904 509 1982 potest,
530 1896 647 1983 globus
671 1905 717 1973 ut,
740 1897 767 1961 si
790 1897 883 1973 forte,
906 1896 985 1982 pilai

139 2084 141 2087 .
185 2000 320 2066 dimidia
342 2022 382 2064 ex
404 1999 491 2086 parti
514 1999 667 2065 candenti
690 2000 813 2064 lumine
836 2000 969 2076 tinctus,

187 2104 404 2190 versandoque
426 2104 561 2192 globum
583 2104 740 2169 variantis
763 2103 859 2169 edere
882 2104 1007 2180 formas,

186 2206 326 2292 donique
349 2229 421 2271 eam
444 2215 580 2291 partem,
603 2229 827 2292 quaecumque
851 2216 901 2273 est
924 2206 1054 2294 ignibus
1076 2214 1179 2281 aucta,

187 2305 228 2370 ad
251 2305 389 2392 speciem
413 2305 513 2399 vertit
536 2305 629 2370 nobis
651 2306 823 2390 oculosque
846 2304 1010 2390 patentis3

188 2408 264 2473 inde
286 2409 476 2473 minutatim
498 2417 585 2473 retro
608 2417 799 2494 contorquet
822 2417 858 2473 et
880 2410 986 2473 aufert

189 2511 354 2576 luciferam
379 2520 507 2597 partem
528 2511 771 2597 glomeraminis
792 2519 893 2596 atqua
916 2509 1012 2596 pilai;

189 2623 227 2680 ut
249 2615 447 2700 Babylonica
469 2614 672 2680 Chaldaeum
695 2614 842 2679 doctrina
862 2614 1009 2678 refutans

188 2719 420 2806 astrologorum
444 2727 548 2783 artem
572 2726 684 2783 contra
705 2718 896 2782 convincere
918 2718 1034 2794 tendit,

188 2821 437 2906 proindequasi
460 2822 493 2885 ld
517 2821 588 2886 fieri
610 2829 752 2906 nequeat
774 2821 861 2906 quod
884 2829 1011 2907 pugnat
1035 2829 1171 2906 uterque

189 2936 247 2992 aut
270 2927 378 2991 minus
401 2926 461 2990 hoo
483 2926 538 2988 illo
560 2925 605 2988 sit
627 2948 685 2989 our
706 2924 897 3009 amplectier
918 2924 1012 2988 ausis.

190 3029 329 3115 denique
352 3052 409 3093 cur
432 3036 573 3114 nequeat
596 3051 723 3113 semper
745 3050 830 3092 nova
852 3027 931 3092 luna
952 3027 1054 3092 creari

190 3134 301 3198 ordine
324 3133 499 3198 formarum
521 3142 610 3197 certo
632 3133 793 3218 certisque
815 3133 930 3220 figuris

191 3235 289 3323 inque
312 3237 380 3301 dies
401 3239 509 3322 privos
531 3237 668 3301 aborisci
691 3259 840 3322 quaeque
863 3244 972 3301 creata
1038 3236 1040 3240 ⁴

31 3457 34 3462 '
105 3447 185 3499 refers
202 3450 229 3496 to
246 3447 384 3504 660-665,
402 3447 454 3494 and
471 3445 529 3494 that
546 3461 563 3495 a
579 3461 650 3495 verse
667 3445 689 3494 is
705 3446 757 3494 lost
774 3446 840 3495 such
857 3461 886 3495 as
904 3446 965 3508 this,
986 3448 1037 3508 Qui
1054 3449 1159 3510 facium
1174 3448 1234 3497 colis
1250 3462 1314 3497 aava

105 3544 199 3594 semper
211 3530 308 3577 lumina
323 3530 414 3591 pipat:
431 3527 557 3589 probably
567 3527 602 3575 its
618 3526 793 3576 resemblance
809 3532 837 3577 to
848 3529 897 3579 703
913 3527 1006 3577 caused
1016 3528 1052 3577 its
1067 3529 1198 3579 omission
1234 3528 1314 3578 Luoh.

10 3673 11 3677 Ἰ
105 3611 236 3674 strangely
252 3625 376 3673 supposes
393 3610 438 3659 the
455 3614 575 3659 sentence
592 3609 720 3672 complete
738 3609 792 3659 aud
807 3609 878 3672 joina
896 3610 943 3661 704
960 3610 1023 3659 with
1039 3612 1096 3671 703,
1115 3626 1144 3661 as
1161 3611 1182 3659 ir
1197 3610 1316 3673 anybody

106 3693 182 3744 could
199 3707 257 3742 ever
274 3692 341 3752 deny
353 3692 412 3740 that
429 3691 474 3740 the
491 3705 542 3739 sun
559 3706 616 3740 rosa
633 3690 662 3738 iu
678 3705 695 3739 a
711 3691 810 3740 certain
828 3696 948 3752 quartur:
967 3693 1014 3742 704
1031 3691 1116 3741 which
1133 3692 1166 3755 by
1182 3692 1253 3742 itself
1267 3691 1315 3743 has

106 3790 140 3825 no
150 3774 272 3835 meaning
284 3789 335 3822 was
346 3773 436 3836 placed
448 3773 515 3822 after
526 3774 575 3824 714
587 3772 619 3834 by
631 3773 743 3834 Nauger.
756 3772 875 3832 followed
887 3773 920 3835 by
931 3772 967 3822 all
978 3773 1063 3822 before
1075 3773 1155 3823 Lach.
1268 3775 1315 3827 705

103 3874 223 3923 persuum
234 3857 302 3906 Flor.
319 3859 349 3906 31
362 3857 451 3906 (lamb.
464 3857 550 3906 before
561 3856 654 3907 Lamb.
668 3857 709 3905 for
718 3858 842 3919 perculsa.
954 3856 1002 3907 706
1012 3859 1093 3918 magis
1103 3858 1132 3905 id
1144 3859 1225 3906 luston
1236 3856 1315 3906 Laoh.

106 3940 145 3990 for
160 3941 242 4001 asapia
259 3940 349 3988 locun.
384 3941 465 4002 mauis
484 3941 528 3988 hoc
546 3939 616 3986 Flor.
633 3939 673 3987 31.
710 3940 791 3986 maius
808 3937 874 3987 Mar.
894 3935 950 3987 Ala
966 3937 1065 3986 lJunt.
1083 3937 1151 3999 vulg.
1184 3942 1275 4000 mayia:
1292 3948 1316 3989 ct

107 4024 188 4072 tornea
204 4021 280 4071 Pont.
297 4021 408 4082 Nauger.
534 4020 582 4071 708
600 4022 647 4070 723
665 4022 791 4082 Denique.
825 4021 952 4069 Dorticum
967 4019 1058 4070 hamb.
1079 4020 1193 4083 Wrongly
1208 4021 1237 4070 iu
1255 4021 1316 4072 both

108 4105 202 4167 places.
345 4105 392 4153 711
404 4106 457 4152 ium
469 4104 534 4152 Mar.
547 4103 605 4150 Ald.
619 4105 632 4150 1
645 4102 720 4152 Junt.
732 4103 773 4151 for
785 4110 845 4151 tam.
994 4103 1043 4154 720
1053 4110 1089 4164 ut,
1103 4105 1210 4165 afforte.
1243 4111 1272 4152 ut
1283 4106 1316 4152 sit

103 4188 173 4250 sorte
183 4185 264 4236 Lech.
277 4186 342 4234 after
354 4186 377 4236 J.
391 4185 481 4235 Dousa
492 4185 528 4232 fil.
542 4185 615 4233 ‘sine
630 4185 684 4233 ulla
695 4199 774 4233 causa
786 4189 811 4233 et
823 4199 884 4233 cum
894 4182 1021 4233 orationis
1037 4185 1229 4246 sententiaeque
1241 4185 1316 4236 detri-

108 4269 212 4320 mento’
224 4283 282 4331 says
293 4268 396 4330 Madvig
407 4267 508 4316 emend.
521 4267 577 4317 Liv.
592 4282 618 4328 p.
632 4269 687 4318 123.
806 4269 855 4318 727
866 4267 1026 4330 Babylonica
1037 4266 1106 4315 Flor.
1118 4267 1149 4315 31
1161 4267 1238 4316 Pont.
1251 4268 1314 4317 Mar.

107 4351 147 4401 for
163 4352 327 4415 Babylonica.
363 4352 516 4399 Chaldaeum
530 4351 628 4398 Avaue
643 4350 781 4398 chaldeam
797 4348 851 4398 AB.
888 4349 1025 4397 Chaldeom
1041 4349 1064 4396 A
1080 4362 1145 4398 corr.
1158 4348 1227 4400 Nico.
1247 4349 1313 4400 Flor.

196 4452 231 4500 11
445 4463 447 4467 ’
1191 4437 1230 4499 15
