3008 4800
734 182 765 245 V

236 366 276 408 ex
299 343 429 408 infinito
451 343 517 407 iam
540 351 686 429 tempore
708 342 834 429 percita
854 343 959 429 plagis

236 449 498 537 ponderibusque
520 448 587 513 suis
609 457 806 513 consuerunt
827 449 952 512 concita
974 449 1048 513 ferri

235 554 492 639 omnimodisque
514 553 599 618 ooire
620 560 719 638 atque
740 552 848 616 omnia
870 560 1096 637 pertemptare,
1289 571 1350 634 190

235 681 460 745 quaecumque
482 659 569 722 inter
590 680 624 722 se
646 665 777 742 possent
799 678 968 742 congressa
988 678 1104 730 creare,

237 771 275 827 ut
297 786 362 827 non
384 764 428 827 sit
450 763 569 826 mirum
592 762 620 825 si
642 762 677 825 in
698 761 773 826 talis
794 761 1005 846 disposituras

236 866 427 930 deciderunt
449 886 577 950 quoque
600 863 691 927 etin
713 863 788 927 talis
810 884 926 926 venere
948 871 1083 939 meatus,

236 968 387 1054 qualibus
409 968 489 1032 haec
510 988 619 1031 rerum
640 965 765 1051 geritur
786 987 872 1029 nunc
893 986 1020 1029 summa
1041 941 1215 1052 novandol

280 1070 376 1150 Quod
398 1071 428 1134 ai
449 1069 515 1132 iam
537 1090 646 1131 rerum
668 1067 813 1153 ignorem
835 1067 1010 1153 primordia
1030 1091 1113 1153 quae
1135 1068 1210 1145 sint,
1289 1083 1345 1149 195

237 1174 297 1239 hoo
319 1180 431 1237 tamen
454 1193 494 1235 ex
516 1170 595 1256 ipsis
617 1169 698 1233 caeli
720 1170 900 1234 rationibus
923 1169 1027 1233 ausim

237 1278 425 1343 confirmare
447 1274 585 1358 aliisque
607 1296 648 1338 ex
670 1274 767 1338 rebus
789 1273 922 1336 reddere
944 1273 1066 1350 multis,

236 1401 443 1466 nequaquam
466 1377 559 1441 nobis
581 1377 739 1442 divinitus
761 1399 831 1441 esse
853 1384 1001 1460 paratam

236 1493 388 1550 naturam
411 1504 538 1559 rerum;
568 1489 663 1545 tanta
684 1488 750 1545 stat
772 1480 920 1566 praedita
940 1450 1054 1585 eulpa}

236 1585 395 1673 principio
417 1592 578 1671 quantum
601 1584 681 1648 caeli
703 1583 787 1670 tegit
807 1584 950 1669 impetus
971 1584 1093 1670 ingens,

236 1691 313 1756 inde
336 1689 442 1753 avidei
465 1695 592 1774 partem
615 1697 741 1753 montes
762 1688 925 1774 silvaeque
947 1689 1086 1752 ferarum

236 1791 416 1878 possedere,
439 1798 554 1854 tenent
576 1812 674 1875 rupes
696 1798 869 1875 vastaeque
891 1785 1025 1875 paludes

238 1903 272 1960 et
294 1915 383 1958 mare
405 1893 492 1979 quod
515 1893 581 1957 late
603 1902 760 1958 terrarum
784 1893 920 1957 distinet
941 1857 1034 1978 orasl

238 1998 314 2062 inde
336 1997 418 2061 duas
440 2018 534 2082 porro
556 2019 655 2082 prope
677 1996 780 2081 partis
803 1997 944 2060 fervidus
966 1996 1059 2060 ardor

237 2100 457 2186 adsiduusque
479 2100 545 2186 geli
566 2121 659 2164 ossus
680 2100 869 2164 mortalibus
891 2085 1019 2188 aufert}

238 2206 323 2293 quod
346 2213 494 2291 superest
515 2205 593 2282 arvi,
615 2213 724 2269 tamen
747 2204 781 2268 id
803 2213 920 2268 natura
941 2226 1000 2269 sua
1021 2205 1053 2268 vi

237 2309 386 2374 sentibus
408 2310 558 2387 obducat,
580 2310 687 2374 nivis
709 2310 851 2373 humana
872 2309 1002 2374 resistat

237 2413 319 2478 vitai
341 2436 438 2478 eausa
459 2413 565 2494 valido
588 2421 741 2478 consueta
762 2413 887 2477 bidenti

238 2517 403 2603 ingemere
425 2525 460 2581 et
483 2526 603 2582 terram
626 2516 742 2601 pressis
765 2515 966 2602 proscindere
988 2491 1130 2624 aratris,

238 2620 354 2685 sinon
377 2620 530 2685 fecundas
552 2629 715 2684 vertentes
738 2642 864 2685 vomere
886 2620 997 2707 glebas

238 2725 401 2810 terraique
423 2725 527 2789 solum
550 2724 738 2811 subigentes
760 2724 862 2788 cimus
883 2725 925 2789 ad
947 2733 1044 2799 ortus,
1150 2777 1152 2781 .

238 2835 354 2912 sponte
376 2849 436 2891 sua
458 2835 622 2912 nequeant
645 2827 782 2912 liquidas
805 2827 942 2891 existere
964 2827 999 2890 in
1020 2849 1122 2902 auras,

238 2938 272 2994 et
296 2939 406 2995 tamen
428 2929 594 2994 interdum
617 2952 734 3016 magno
756 2930 902 3015 quaesita
924 2930 1031 2995 labore

239 3056 313 3098 cum
336 3033 403 3097 iam
425 3056 483 3119 per
505 3042 608 3098 terras
630 3035 780 3099 frondent
802 3043 900 3120 atque
922 3036 1030 3100 omnia
1051 3035 1174 3112 florent,

238 3145 297 3201 aut
319 3136 429 3201 nimiis
451 3146 553 3200 torret
576 3137 753 3202 fervoribus
774 3138 939 3202 aetherius
961 3139 1008 3203 sol

238 3249 297 3304 aut
319 3238 422 3303 subiti
444 3248 617 3324 peremunt
638 3240 751 3304 imbris
772 3240 963 3326 gelidaeque
986 3241 1129 3327 pruinae,

239 3343 404 3429 flabraque
427 3352 598 3408 ventorum
621 3345 766 3428 violento,
785 3345 915 3410 turbine
938 3356 1064 3410 vexant.

239 3457 406 3534 praeterea
427 3470 531 3534 genus
553 3447 747 3513 horriferum
769 3458 887 3513 natura
910 3450 1048 3513 ferarum

239 3553 401 3617 humanae
422 3552 515 3639 genti
538 3553 693 3618 infestum
716 3562 865 3638 terraque
887 3552 1032 3638 marique

238 3679 295 3720 cur
316 3656 377 3720 alit
399 3664 499 3741 atque
521 3629 730 3766 augetileur
751 3657 828 3719 anni
851 3665 997 3742 tempora
1019 3657 1144 3721 morbos

237 3742 453 3853 adportantll
466 3781 564 3844 quare
588 3780 673 3822 mors
695 3759 858 3822 inmatura
881 3742 1054 3890 vagaturil

152 4000 226 4050 Pont.
241 3999 306 4050 Mar.
319 4000 359 4049 for
370 4016 405 4050 se.
530 4002 578 4051 186
594 4004 717 4063 specimen
728 4001 789 4050 Pius
801 4002 828 4051 in
840 4008 913 4053 notos
925 4003 965 4054 for
975 4008 1086 4068 speciem.
1213 4008 1260 4057 187
1271 4009 1350 4056 malm

151 4082 229 4131 modis
240 4079 332 4130 hamb.
349 4079 389 4130 ed.
407 4081 421 4127 1
437 4079 491 4130 and
507 4083 521 4128 2
537 4080 635 4143 rightly
651 4082 872 4145 fermissimam
890 4085 937 4134 but
952 4085 991 4137 ed.
1010 4087 1024 4134 3
1040 4086 1116 4147 again
1127 4088 1290 4136 multimodis:
1308 4102 1349 4138 see

151 4168 207 4217 411.
316 4168 363 4218 191
377 4174 478 4230 possem
491 4167 726 4231 forpossimhmh.
741 4168 845 4231 rightly,
860 4173 955 4222 as426.
1066 4174 1111 4223 193
1128 4181 1222 4221 umatus
1233 4172 1301 4222 Flor.
1316 4175 1348 4222 31

151 4249 394 4300 Mansurammtm.
510 4248 686 4300 195siadded
697 4250 731 4313 by
742 4252 807 4301 Mar.
819 4254 876 4302 Ald.
889 4256 903 4303 l
916 4254 990 4303 Junt.
1099 4256 1350 4318 201ovideipartem

151 4331 199 4383 Ed.
219 4330 261 4380 for
277 4332 380 4381 auidam
395 4339 503 4394 partem.
537 4332 612 4381 avide
632 4331 709 4382 Bern.
742 4335 857 4396 aliquam
875 4334 955 4385 Laoh.
991 4336 1108 4385 ‘Marull
1128 4338 1208 4385 aliam
1225 4337 1347 4400 pessime’
