3008 4800
735 196 764 259 V

227 358 371 446 praebet,
393 367 432 422 ut
454 365 504 422 est
526 357 590 421 oris
612 356 767 421 extremis
789 377 930 441 cumque
951 365 1065 420 notata

227 470 417 547 quanteque
439 469 595 545 quantast
618 459 694 523 hinc
716 458 809 524 nobis
832 460 983 524 videatur
1005 460 1040 523 in
1062 461 1135 525 alte.

227 575 389 652 postremo
412 586 632 650 quoscumque
655 564 745 629 vides
768 564 844 628 hinc
866 564 1009 630 aetheris
1032 565 1140 652 ignes3

227 668 488 754 quandoquidem
510 689 731 753 quoscumque
754 667 790 731 in
813 668 907 732 terris
930 669 1092 732 cernimus
1113 669 1209 753 ignea,

227 771 306 836 dum
329 779 450 835 tremor
471 779 515 835 est
537 771 651 847 clarus,
673 771 753 835 dum
775 771 921 835 cernitur
942 772 1037 835 ardor
1059 794 1178 848 eorum,

227 897 416 961 perparvom
439 874 595 960 quiddam
618 875 785 939 interdum
808 883 936 939 mutare
959 874 1089 940 videtur

225 977 361 1042 alteram
384 985 493 1058 utram
515 978 551 1041 in
572 986 701 1062 partem
722 977 825 1054 filum,
846 999 911 1063 quo
933 979 1060 1064 longius
1080 979 1217 1058 absunt;

142 1099 205 1165 594
227 1082 307 1146 scire
329 1082 406 1146 licet
428 1103 584 1167 perquam
604 1080 754 1167 *pauxillo
775 1103 868 1167 posse
891 1080 1032 1147 minores

226 1207 295 1250 esse
317 1185 368 1249 vel
391 1185 510 1270 exigua
532 1184 662 1249 maioris
685 1193 779 1270 parte
802 1162 983 1286 brevique}

142 1305 204 1372 590
269 1288 358 1353 Illud
380 1288 461 1353 item
482 1311 548 1353 non
570 1295 621 1353 est
645 1264 838 1366 mirandum,
861 1309 926 1373 qua
947 1277 1073 1354 ratione

226 1393 375 1457 tantulus
397 1393 452 1457 ille
474 1400 575 1477 queat
598 1400 731 1456 tantum
752 1392 799 1457 ool
821 1393 956 1457 mittere
980 1393 1098 1470 lumen,

226 1494 311 1581 quod
334 1495 437 1559 maria
458 1517 496 1560 ac
519 1504 623 1561 terras
644 1494 750 1560 omnis
771 1495 963 1581 caelumque
985 1495 1119 1582 rigando

226 1598 386 1683 compleat
409 1606 443 1663 et
465 1597 568 1662 calido
591 1595 766 1683 perfundat
788 1606 907 1662 cuncta
928 1586 1066 1683 vapore!

142 1718 202 1783 597
226 1724 302 1766 nam
324 1701 402 1766 licet
424 1701 500 1766 hinc
522 1700 638 1766 mundi
659 1701 860 1787 patefactum
883 1700 986 1766 totius
1009 1723 1111 1765 unum

227 1804 412 1891 largifluum
436 1805 560 1869 fontem
583 1812 708 1868 scatere
729 1810 830 1889 atque
852 1826 1022 1889 erumpere
1044 1803 1163 1879 lumen,

226 1907 376 1972 exomni
399 1906 520 1972 mundo
543 1907 622 1992 quia
644 1907 691 1971 sic
713 1906 876 1971 elementa
898 1906 1026 1992 vaporis

225 2010 370 2097 undique
392 2011 593 2075 conveniunt
615 2019 650 2076 et
672 2011 718 2075 sio
739 2010 905 2075 coniectus
928 2032 1039 2074 eorum

225 2115 369 2194 confluit,
391 2137 431 2180 ex
455 2138 520 2180 uno
542 2114 650 2201 capite
672 2115 726 2179 hic
747 2122 787 2179 ut
809 2113 950 2199 profluat
973 2085 1090 2222 ardon!
1132 2122 1136 2133 ¹

224 2243 331 2286 nonne
352 2221 444 2287 vides
466 2221 568 2286 etiam
591 2243 689 2307 quam
712 2221 778 2286 late
800 2243 920 2307 parvus
942 2218 1043 2306 aquai

224 2331 319 2408 prata
339 2323 426 2410 riget
448 2325 519 2388 fons
541 2323 708 2389 interdum
730 2324 917 2409 campisque
933 2322 1100 2388 redundet
1114 2300 1137 2409 2!

224 2437 274 2492 est
296 2427 396 2492 etiam
419 2448 547 2514 quoque
570 2427 623 2492 uti
645 2448 709 2491 non
732 2449 849 2513 magno
872 2427 948 2491 solie
969 2427 1011 2491 ab
1034 2426 1104 2513 igni

223 2553 298 2595 aera
319 2530 479 2616 percipiat
500 2529 614 2594 calidis
636 2530 815 2594 fervoribus
836 2530 939 2607 ardor,
1276 2531 1336 2611 605

223 2642 424 2720 opportunus
445 2633 495 2698 ita
515 2641 566 2698 est
588 2634 617 2698 si
640 2633 721 2698 forte
744 2642 778 2698 et
799 2633 936 2699 idoneus
957 2657 1020 2711 aer,

222 2751 260 2802 ut
282 2746 382 2823 queat
403 2735 535 2814 accendi
556 2736 665 2822 parvis
686 2736 855 2801 ardoribus
876 2737 980 2815 ictus3

223 2842 310 2927 quod
331 2864 435 2928 genus
457 2841 621 2906 interdum
645 2849 772 2927 segetes
794 2841 1015 2927 stipulamque
1037 2841 1185 2906 videmus

223 2946 374 3010 accedere
396 2967 437 3010 ex
459 2967 525 3010 una
547 2945 690 3010 scintilla
711 2946 861 3010 incendia
882 2945 1011 3032 passim.

129 3197 213 3259 filum.
247 3197 376 3244 minimum
384 3194 462 3257 fitam
477 3193 550 3244 Nico.
566 3194 636 3256 vulg.
762 3194 811 3244 584
829 3193 978 3257 Qrmatogue
995 3199 1115 3256 quantost
1131 3193 1190 3242 tino
1206 3190 1343 3242 Eichsttdt

137 3277 176 3326 for
195 3277 296 3342 Quanto
313 3291 410 3339 quoque
429 3282 550 3338 quantost
568 3277 637 3336 tino,
656 3275 710 3326 and
729 3275 758 3325 in
776 3274 822 3324 the
841 3274 981 3338 repetition
1000 3276 1048 3326 596
1069 3275 1169 3335 Quoto
1189 3289 1286 3338 guoque
1307 3281 1342 3323 est

136 3365 209 3408 tanta
226 3360 298 3408 hinc:
323 3348 387 3418 ‘qua
404 3356 598 3406 emendatione’
617 3372 677 3419 says
693 3357 773 3407 Laoh.
792 3356 888 3407 ‘effecit
905 3359 935 3406 ut
951 3357 995 3406 hic
1012 3357 1091 3407 semel
1106 3356 1180 3408 valde
1197 3355 1343 3406 laudandus

88 3430 89 3434 ’
136 3437 192 3489 sit’.
228 3439 376 3500 Qrmntoquc
396 3439 528 3496 attactis
548 3446 622 3487 tanta
642 3437 796 3487 hiacPont.
816 3436 874 3487 Ald.
896 3439 909 3487 1
929 3439 1004 3487 Junt.
1039 3438 1142 3499 Quanto
1162 3439 1222 3486 haec
1241 3449 1342 3498 cumque

130 3525 200 3586 suut,
220 3528 293 3570 touta
311 3522 368 3570 hine
385 3520 476 3570 Lamb.
565 3521 613 3570 586
630 3522 700 3582 ignes
717 3519 800 3569 added
816 3519 851 3582 by
868 3521 933 3572 Mar.
952 3519 1011 3569 Ald.
1031 3521 1044 3568 1
1062 3519 1149 3570 tunt:
1170 3516 1215 3569 the
1231 3521 1300 3580 ignea
1316 3517 1345 3565 ot

136 3607 183 3655 585
201 3604 295 3655 caused
314 3604 349 3653 its
369 3603 503 3653 omission.
541 3605 629 3654 horum
645 3603 714 3654 Flor.
734 3605 766 3652 31
784 3603 873 3653 Oamb.
902 3606 1021 3667 flammae
1037 3602 1117 3653 Lach.
1134 3601 1193 3651 who
1209 3614 1269 3663 says
1284 3599 1343 3649 that

133 3691 203 3749 ignea
220 3687 245 3736 is
262 3701 298 3736 an
316 3685 476 3746 unmeaning
495 3684 649 3748 repetition:
678 3684 724 3734 but
743 3684 843 3733 similar
862 3673 1013 3748 repetitions
1032 3698 1075 3733 are
1094 3698 1155 3751 very
1173 3694 1295 3732 common
1314 3680 1342 3728 in

133 3770 211 3819 huot.
310 3770 357 3818 587
374 3776 411 3818 est
422 3767 505 3817 added
516 3768 549 3830 by
561 3768 629 3818 Flor.
644 3770 675 3816 31
688 3767 776 3817 camb.
789 3771 837 3816 etc.
940 3768 988 3816 588
1004 3765 1218 3815 uideturANioc.
1230 3763 1298 3811 Flor.
1310 3763 1341 3810 31

135 3851 224 3901 Gamb.
243 3850 313 3899 Mon.
331 3855 378 3901 eto.
400 3850 454 3899 and
472 3849 563 3899 Lamb.
585 3849 624 3898 ed.
645 3851 668 3898 1.
717 3850 836 3898 videntur
855 3850 877 3898 B
900 3847 992 3898 hamb.
1016 3846 1055 3897 ed.
1079 3849 1094 3895 2
1114 3845 1166 3896 and
1185 3847 1209 3905 9,
1232 3843 1342 3907 perhaps

136 3933 242 3998 rightly.
351 3933 400 3984 589
417 3934 508 3982 absunt
519 3931 601 3981 Lach.
614 3933 655 3982 sor
665 3935 746 3982 obsit:
763 3946 928 3993 anecessary
939 3929 1048 3992 change.
1084 3945 1139 3979 cum
1151 3929 1249 3990 longius
1260 3926 1342 3975 obsim

134 4016 227 4066 Lamb.
304 4016 352 4066 590
364 4016 411 4064 591
426 4013 483 4078 (594
496 4015 553 4080 595)
569 4015 627 4064 first
638 4015 749 4077 brought
759 4014 821 4065 here
833 4015 866 4078 by
878 4016 944 4064 Mar.
955 4014 1012 4064 Ald.
1026 4015 1039 4062 1
1052 4013 1126 4062 Junt.
1202 4010 1339 4061 5962584.

168 4099 216 4150 598
234 4098 323 4146 lumen.
359 4099 457 4160 flumen
472 4097 570 4145 Avario.
588 4097 682 4147 Lamb.
699 4103 746 4147 eto.
759 4097 870 4146 without
881 4111 933 4158 any
945 4094 1086 4156 authority.
1214 4092 1261 4142 599
1279 4092 1340 4153 quio

133 4180 188 4230 AB.
221 4194 272 4242 qua
289 4179 359 4227 Nico.
377 4178 447 4226 Flor.
466 4180 497 4227 31
517 4177 606 4243 (Lech.
623 4178 646 4227 is
662 4178 691 4227 in
707 4178 787 4243 error)
804 4178 894 4228 Camb.
910 4178 980 4227 Mon.
996 4177 1033 4226 all
1048 4176 1106 4226 Vct.
1119 4175 1190 4224 Brix.
1202 4173 1259 4222 Ver.
1275 4171 1338 4221 Ven.

133 4261 190 4311 Alu
205 4262 219 4309 1
230 4261 305 4310 runt.
317 4275 366 4322 quo
377 4258 470 4308 hamb.
483 4262 531 4309 eto.
582 4262 684 4322 vaporis
696 4259 787 4308 Lamb.
799 4259 857 4309 first
869 4259 909 4307 ior
919 4273 1018 4320 vapore.
1151 4255 1198 4305 605
1212 4253 1339 4316 pereipiat

134 4343 243 4405 Nauger.
259 4341 455 4406 torpercrpuar.
521 4342 570 4393 609
586 4343 708 4392 Accedere
720 4343 750 4390 A.
784 4342 903 4391 Accidere
915 4340 946 4389 B.
980 4332 1338 4387 Accenderehcorr.Nico.2
