3008 4800
688 214 724 276 II

201 397 292 461 posse
314 397 335 439 a
355 397 420 439 non
442 396 538 439 sensu
561 396 692 438 sensum
716 374 950 452 mutabilitate,

200 487 260 543 aut
281 479 389 563 aliquo
413 487 580 564 tamquam
603 487 700 562 partu
724 478 811 562 quod
835 478 983 562 proditus
1005 489 1105 555 extet,

203 582 278 646 huic
300 580 379 646 satis
402 581 483 645 illud
506 581 570 644 erit
593 580 727 664 planum
753 580 855 644 facere
879 590 978 666 atque
1002 583 1135 667 probare

202 705 266 747 non
288 683 358 748 fieri
380 693 510 768 partum
533 683 596 746 nisi
619 682 753 747 concilio
776 692 854 746 ante
877 692 987 748 coacto

201 786 454 872 necquicquam
477 786 671 851 commutari
693 786 764 850 sine
787 786 976 851 conciliatu.

202 889 358 976 principio
381 901 549 976 nequeunt
572 890 671 954 ullius
693 890 834 974 corporis
857 912 926 954 esse

202 1016 315 1058 sensus
336 1004 413 1058 ante
435 994 540 1079 ipsam
562 994 710 1080 genitam
732 1002 885 1058 naturam
909 993 1096 1072 animantis

201 1098 355 1163 nimirum
378 1099 455 1184 quia
477 1098 630 1162 materies
651 1097 789 1162 disiecta
811 1105 947 1162 tenetur

201 1225 274 1267 aere
296 1202 485 1267 fluminibus
508 1202 603 1267 terris
625 1211 778 1288 terraque
800 1202 928 1279 creatis,

202 1329 261 1371 neo
283 1329 451 1393 congressa
474 1307 569 1371 modo
592 1306 700 1371 vitalis
724 1306 933 1372 convenienti

202 1411 340 1476 contulit
362 1412 505 1476 interes
527 1420 645 1487 motus,
667 1411 787 1497 quibus
809 1411 1034 1476 omnituentes

200 1516 325 1581 accensi
347 1537 460 1580 sensus
482 1515 651 1579 animante
673 1515 709 1578 in
731 1535 861 1600 quaque
884 1514 1024 1578 cientur.
1030 1500 1041 1633 Ι

243 1618 416 1684 Praeterea
437 1617 585 1704 quamvis
607 1618 809 1683 animantem
831 1617 985 1704 grandior
1007 1617 1099 1693 ictus,

200 1746 298 1810 quam
320 1723 447 1808 patitur
471 1732 597 1800 natura,
619 1731 755 1809 repente
777 1723 908 1808 adfligit
930 1730 965 1786 et
989 1723 1094 1786 omnis

199 1825 339 1911 corporis
360 1833 460 1912 atque
481 1825 584 1889 animi
606 1826 715 1912 pergit
737 1824 934 1890 confundere
956 1801 1101 1920 sensusl

200 1928 423 1994 dissoluuntur
445 1929 532 1993 enim
555 1929 720 2013 positurae
743 1928 976 2014 principiorum

201 2039 235 2095 et
257 2030 390 2117 penitus
412 2039 521 2095 motus
544 2031 660 2095 vitales
682 2031 906 2117 inpediuntur,

88 2192 92 2198 .
166 2156 168 2158 ·
199 2132 301 2198 donec
323 2132 483 2209 materies,
506 2133 611 2197 omnis
633 2155 788 2198 concussa
809 2155 868 2218 per
891 2142 993 2211 artus,

200 2235 308 2300 vitalis
330 2237 458 2300 animae
481 2235 581 2301 nodos
603 2260 623 2301 a
645 2259 776 2322 corpore
798 2238 896 2302 solvit

199 2339 440 2426 dispersamque
464 2339 547 2404 foras
570 2363 628 2427 per
649 2342 759 2405 caulas
781 2341 878 2405 eiecit
902 2307 1033 2449 omnis!

200 2465 276 2507 nam
299 2442 377 2529 quid
400 2451 568 2528 praeterea
590 2444 695 2509 faeere
717 2444 821 2508 ictum
843 2466 938 2530 posse
961 2466 1090 2509 reamur

200 2546 354 2623 oblatum,
377 2545 441 2611 nisi
463 2547 625 2611 discutere
648 2568 685 2610 ac
707 2547 884 2611 dissolvere
907 2519 1095 2642 quaequell

199 2649 238 2714 fit
260 2672 388 2736 quoque
410 2650 462 2715 uti
485 2651 612 2716 soleant
633 2651 742 2716 minus
765 2651 874 2716 oblato
898 2651 1018 2715 acriter
1039 2651 1106 2716 ictu

199 2755 317 2840 reliqui
339 2763 447 2820 motus
470 2754 579 2819 vitalis
602 2755 729 2820 vincere
753 2777 858 2839 saepe,

199 2860 334 2934 vincere,
358 2866 393 2923 et
414 2858 558 2946 ingentis
580 2859 697 2945 plagae
719 2858 832 2923 sedare
857 2858 1022 2923 tumultus

201 2964 300 3049 inque
322 2985 396 3028 suos
419 2962 574 3048 quicquid
596 2985 708 3027 rursus
730 2985 879 3028 revocare
903 2971 1032 3028 meatus

111 3129 192 3190 coepit
208 3125 281 3174 Junt.
311 3131 403 3186 putrer
418 3123 510 3173 hamb.
637 3125 685 3174 932
703 3125 778 3174 Perre
795 3141 812 3173 a
829 3139 879 3174 nort
896 3139 971 3174 semu
987 3125 1061 3175 Wak.
1079 3126 1119 3175 ior
1135 3128 1211 3177 Posse
1227 3143 1258 3177 eu
1273 3143 1323 3178 non

113 3223 195 3267 ternu,
206 3205 295 3256 rather
311 3205 395 3256 better
409 3204 474 3254 than
491 3207 566 3256 Posse
582 3221 612 3256 ee
623 3206 652 3255 of
667 3206 758 3257 hamb.
770 3206 851 3258 Lech.
871 3210 921 3256 etc.
955 3207 1054 3260 ePont.
1089 3223 1186 3259 seruum
1195 3212 1323 3260 inmobili·

113 3299 164 3341 tute
174 3288 317 3340 Lamb.ed
331 3287 458 3338 tinnote
470 3288 510 3337 ior
521 3303 606 3338 censue
617 3296 678 3338 mut.
712 3288 793 3338 Lech.
805 3289 884 3351 keeps
895 3304 990 3339 semus.
1104 3293 1151 3342 933
1163 3292 1230 3354 qnod
1237 3293 1322 3354 prodi·

114 3380 154 3422 tue
170 3379 237 3422 estet
253 3369 303 3420 Ed.
320 3370 359 3419 for
373 3371 581 3434 quodproditurn
594 3377 676 3420 entra.
709 3373 776 3434 quod
784 3374 905 3434 protinus
917 3378 1004 3421 extent
1014 3370 1095 3421 Lech.
1129 3375 1195 3436 quod
1203 3375 1323 3436 proditur

112 3461 184 3504 extra
195 3454 271 3503 Pont.
284 3452 371 3510 Bern.;
389 3452 436 3501 but
448 3452 492 3502 the
505 3452 589 3502 oratio
601 3452 706 3515 obliqua
716 3453 831 3515 requires
844 3453 889 3504 the
903 3453 1075 3516 subjunctive.
1210 3456 1259 3506 936
1269 3458 1323 3504 eine

113 3539 260 3587 conciliatu.
294 3538 346 3585 nisi
360 3538 524 3585 conciliatum
537 3535 643 3586 Goebel.
775 3539 824 3589 938
840 3540 923 3600 iprum
936 3537 1005 3588 Flor.
1019 3539 1051 3587 31
1063 3537 1152 3588 (lamb.
1166 3538 1243 3588 Pont.
1255 3539 1319 3589 Mar.

112 3617 170 3668 Ald.
183 3619 197 3666 1
209 3617 282 3668 Junt.
294 3617 336 3667 tor
347 3619 432 3666 lesam
539 3618 590 3669 940
601 3626 717 3681 terraque
728 3622 829 3669 creatis.
864 3619 939 3669 Wak.
952 3618 1002 3668 has
1012 3620 1132 3683 properly
1142 3619 1258 3670 retained
1270 3620 1323 3670 thie

115 3698 220 3762 reading
232 3699 304 3749 otall
316 3714 379 3749 mss.
406 3701 562 3763 flammaque
572 3703 663 3750 creatis
676 3701 741 3752 Mar.
756 3700 814 3751 Ald.
828 3702 842 3750 1
854 3702 931 3750 Junt.
944 3702 1012 3765 vulg.
1024 3701 1110 3751 before
1121 3701 1195 3753 Wals
1226 3705 1325 3752 aethra·

28 3812 31 3816 -
112 3796 158 3844 qne
175 3783 266 3831 crectis
283 3781 377 3832 Lech:
395 3779 472 3829 but1
490 3780 522 3830 do
542 3784 589 3830 not
606 3781 682 3830 know
693 3781 764 3831 what
781 3785 873 3832 aethra
891 3792 979 3833 creatu
996 3797 1047 3844 are,
1061 3783 1150 3832 unless
1166 3782 1227 3846 they
1237 3783 1267 3834 be
1278 3783 1322 3834 the

111 3877 182 3913 same
199 3877 229 3912 ae
247 3871 314 3912 tenu
331 3870 424 3923 creatu,
445 3862 489 3911 the
506 3862 612 3913 various
627 3863 751 3926 products
767 3865 795 3913 of
811 3864 856 3913 the
873 3864 956 3914 earth.
1100 3865 1148 3915 941
1164 3867 1322 3915 conuenienti

110 3944 201 3994 hamb.
219 3944 260 3993 ior
276 3946 448 3994 convenienter
465 3943 551 3993 which
568 3943 648 3993 Lech.
666 3944 776 3994 retains:
800 3944 845 3994 the
862 3945 1037 3994 termination
1053 3944 1082 3996 oi
1097 3946 1144 3996 942
1161 3943 1211 3994 has
1227 3945 1321 3994 caused

110 4025 154 4076 the
170 4024 290 4076 mistake.
451 4027 498 4076 943
516 4028 646 4076 anintunte
662 4030 692 4076 in
708 4042 808 4090 quoque
824 4030 925 4076 cientur
943 4027 1021 4090 Hugo
1038 4028 1170 4076 Purmann
1186 4027 1215 4076 in
1231 4027 1323 4078 Jahn's

111 4107 201 4160 Jahrb.
213 4110 230 4161 f.
250 4107 342 4158 Philol
362 4109 394 4159 67
411 4124 436 4171 p.
455 4109 502 4161 673
520 4111 560 4159 lor
577 4113 732 4160 animantem
748 4127 872 4174 quousque
891 4119 1001 4162 tuentur.
1037 4114 1195 4162 euincuntum
1210 4121 1321 4162 concute·
1362 4159 1364 4163 .
1463 4143 1467 4148 ·

112 4197 200 4239 rentur
209 4189 291 4240 bach.
462 4191 509 4240 942
522 4189 600 4239 Bern.
613 4191 687 4240 reads
698 4194 859 4242 omnicienter
871 4192 924 4242 and
937 4194 985 4243 943
997 4193 1075 4256 keeps
1086 4193 1131 4242 the
1142 4206 1190 4243 ms.
1204 4193 1321 4253 reading:

112 4279 212 4323 tuentia
228 4273 251 4322 is
268 4272 339 4334 quite
355 4271 454 4334 foreign
472 4276 498 4322 to
516 4272 561 4322 the
578 4287 652 4323 sense
669 4275 697 4322 ot
713 4273 757 4324 the
774 4289 903 4338 passag03
920 4275 973 4325 else
990 4275 1065 4324 Lucr.
1083 4273 1166 4324 would
1182 4279 1229 4324 not
1245 4275 1321 4325 avoid

111 4353 186 4416 using
201 4356 365 4404 omnituentes
383 4354 435 4403 snd
452 4363 555 4404 tuentur
572 4355 696 4418 together.
854 4358 902 4407 951
920 4359 1009 4406 caulas
1026 4356 1048 4405 B
1065 4370 1130 4406 corr.
1147 4355 1216 4406 Flor.
1234 4359 1264 4406 31
1282 4358 1321 4406 tor
