3008 4800
161 227 225 292 216
572 181 573 184 Ἴ
751 226 781 289 V

249 399 382 477 propter
403 390 570 456 dissimilis
592 391 708 455 formas
731 389 896 474 variasque
918 389 1038 475 figuras

250 493 335 580 quod
358 517 422 560 non
445 495 554 560 omnia
575 494 621 558 sic
642 502 791 579 poterant
813 493 983 557 coniuncta
1005 513 1134 556 manere

163 613 224 679 445
250 620 309 663 nec
331 607 441 663 motus
463 599 550 663 inter
571 619 641 662 sese
663 598 739 661 dare
761 574 1005 681 convenientis}

163 719 228 783 437
250 701 409 786 diffugere
432 701 508 766 inde
531 701 592 765 loci
613 709 722 786 partes
743 721 873 784 coepere
896 721 1052 784 paresque

250 824 325 866 cum
348 801 482 887 paribus
505 801 595 888 iungi
618 823 667 865 res
689 809 723 865 et
745 800 923 865 discludere
945 801 1103 865 mundum

250 905 461 990 membraque
482 905 627 970 dividere
650 913 684 969 et
706 927 839 990 magnes
861 904 1029 990 disponere
1051 913 1168 991 partes

164 1005 229 1089 446
251 1007 312 1073 hoc
334 1016 392 1085 est,
414 1031 435 1072 a
457 1008 678 1073 terris‘eltum
700 1029 863 1072 secernere
884 1008 1009 1071 caelum

251 1119 286 1176 et
307 1133 432 1176 sorsum
455 1133 543 1176 mare
566 1110 618 1175 uti
639 1118 761 1175 secreto
783 1133 892 1175 umore
914 1119 1051 1196 pateret,

251 1234 378 1278 seorsus
400 1212 482 1277 item
504 1213 579 1298 puri
600 1212 779 1298 secretique
800 1212 941 1277 aetheris
962 1170 1078 1332 ignes!

241 1384 243 1388 Α
297 1315 429 1401 Quippe
451 1315 575 1380 etenim
597 1314 738 1400 primum
760 1315 858 1379 terrai
879 1337 1010 1400 corpora
1031 1338 1189 1402 quaeque,

251 1426 423 1503 propterea
444 1417 531 1503 quod
553 1426 646 1483 erent
666 1418 778 1504 gravia
798 1426 833 1482 et
854 1418 1015 1504 perplexa,
1037 1418 1168 1484 coibant

252 1520 416 1586 inmedio
438 1527 537 1606 atque
560 1520 642 1586 imas
663 1520 834 1606 capiebant
855 1521 963 1585 omnia
985 1521 1095 1599 sedes;

253 1644 337 1708 quae
359 1633 483 1710 quanto
505 1624 609 1711 magis
630 1624 717 1689 inter
737 1647 771 1689 se
794 1624 947 1709 perplexa
968 1624 1106 1697 coibant,

254 1733 322 1790 tam
346 1727 451 1814 magis
473 1749 656 1814 expressere
679 1751 717 1793 ca
739 1750 821 1813 quae
844 1750 930 1792 mare
953 1728 1059 1793 sidera
1080 1729 1179 1794 solem
1220 1734 1222 1737 ’

254 1829 430 1916 lunamque
453 1831 617 1896 efficerent
638 1839 673 1896 et
694 1832 805 1918 magni
826 1832 954 1896 moenia
975 1832 1097 1898 mundi.
1108 1807 1116 1929 l

255 1933 363 1997 omnia
385 1934 474 1999 enim
496 1934 601 2021 magis
622 1933 701 1999 haec
723 1957 741 1998 e
764 1934 888 1999 levibus
910 1943 1008 2020 atque
1030 1935 1182 2000 rutundis

255 2036 434 2117 seminibus
455 2038 624 2123 multoque
647 2037 815 2102 minoribu’
838 2047 915 2104 sunt
936 2039 1105 2105 elementis

256 2162 353 2226 quem
377 2141 483 2206 tellus.
528 2141 609 2217 ideo,
631 2163 689 2226 per
710 2163 782 2205 rare
803 2142 967 2220 foramina,
989 2152 1094 2208 terrae

256 2243 405 2329 partibus
428 2266 600 2329 erumpens
622 2244 745 2330 primus
766 2266 801 2308 se
823 2245 956 2310 sustulit
978 2247 1091 2311 aether

256 2346 374 2434 ignifer
396 2356 431 2412 et
453 2349 574 2432 multos
596 2369 705 2413 secum
727 2347 806 2412 levis
827 2348 964 2413 abstulit
985 2349 1078 2436 ignis,

256 2469 321 2510 non
342 2446 407 2510 alia
429 2447 524 2533 longe
546 2446 672 2512 ratione
694 2469 731 2512 ec
753 2469 847 2533 saepe
871 2447 1026 2527 videmus,

257 2568 356 2610 aurea
378 2568 452 2610 cum
475 2546 617 2632 primum
638 2547 835 2632 gemmantis
857 2569 927 2612 rore
949 2570 1007 2633 per
1028 2549 1144 2614 herbas

257 2649 422 2713 matutina
443 2650 564 2714 rubent
577 2650 703 2715 vradiati
724 2651 848 2714 lumina
869 2651 945 2715 solis
1011 2688 1013 2692 ·

258 2753 480 2840 exhalantque
502 2753 591 2819 lacus
612 2754 764 2819 nebulam
789 2754 945 2840 fluviique
967 2777 1133 2840 perennes,

257 2857 392 2943 ipsaque
414 2867 454 2922 ut
475 2858 640 2923 interdum
663 2859 760 2922 tellus
782 2859 905 2924 fumare
928 2860 1077 2938 videtur;

258 2961 367 3025 omnia
388 2983 473 3046 quae
495 2983 624 3026 sursum
646 2985 720 3026 cum
742 2961 963 3039 conciliantur,
985 2963 1019 3025 in
1041 2963 1108 3027 alto

257 3087 388 3150 corpore
410 3073 559 3130 concreto
580 3065 761 3130 subtexunt
782 3065 895 3129 nubila
916 3042 1064 3169 caeluml

258 3170 428 3254 sicigitur
451 3179 522 3234 tum
545 3191 579 3234 se
603 3169 682 3234 levis
703 3191 740 3234 ec
762 3169 914 3234 diffusilis
935 3170 1049 3234 aether

258 3294 388 3357 corpore
410 3280 560 3337 concreto
582 3272 799 3337 circumdatus
822 3272 964 3357 undique
980 3274 1075 3358 fleuit

259 3381 293 3438 et
316 3374 382 3438 late
405 3374 543 3438 diffusus
565 3373 601 3438 in
622 3374 726 3438 omnis
749 3374 891 3459 undique
913 3375 1014 3459 partis

257 3475 366 3540 omnia
388 3476 434 3541 sic
455 3475 550 3540 avido
572 3478 741 3563 complexu
764 3485 870 3541 cetere
892 3477 1021 3562 saepsit.

258 3578 345 3642 hunc
367 3578 498 3642 exordia
520 3587 598 3642 sunt
620 3579 696 3643 solis
718 3579 878 3663 lunaeque
901 3587 1020 3654 secuta,

172 3884 266 3944 before,
278 3883 318 3934 for
330 3886 481 3946 Omnipotens
492 3881 548 3946 en,
564 3885 707 3945 omniparis
717 3899 730 3933 e
740 3884 763 3932 A
774 3883 844 3932 Nico.
855 3884 922 3946 vulg.
1072 3885 1120 3934 446
1137 3886 1223 3936 morra
1259 3900 1378 3949 moenum

173 3965 254 4016 Mser.
359 3964 976 4017 44711111611Μ11101).Βοο11.1711.11276Ρο114
991 3966 1207 4018 Justrorumor.
1241 3969 1378 4032 tumorque

172 4046 244 4096 Nico.
255 4046 324 4095 Flor.
337 4048 368 4096 31
381 4045 470 4098 (lamb.
485 4047 501 4095 4
512 4047 573 4096 Vet.
584 4046 655 4096 Brix.
668 4047 726 4096 Ver.
738 4047 802 4096 Ven.
814 4049 911 4096 Avuuc.
988 4048 1037 4097 458
1052 4064 1078 4097 ee
1090 4049 1159 4098 Nico.
1173 4050 1212 4098 lor
1222 4057 1255 4100 et.

205 4129 378 4192 45919niser.
413 4130 528 4192 Siquiser
543 4130 602 4179 Ver.
617 4128 680 4180 Vsu.
699 4129 757 4179 hld.
775 4130 1264 4192 1Junt.(n0tt1ar.)namb.etc.on
1279 4147 1314 4182 no
1326 4148 1376 4183 ms.

173 4209 315 4272 authority,
327 4209 427 4272 though
437 4209 530 4260 Lcmb.
543 4210 635 4274 selsely
647 4225 706 4273 says
717 4211 752 4260 cll
763 4225 825 4260 mss.
837 4211 902 4261 bave
912 4211 943 4262 it.
1113 4214 1161 4264 460
1171 4213 1220 4262 463
1230 4215 1374 4268 videmus...

172 4291 362 4354 Extremusque.
395 4293 662 4344 videntur...ltealore
678 4291 769 4343 Lech:
787 4294 911 4344 eviolent
925 4293 1023 4355 change
1034 4295 1119 4345 which
1133 4296 1196 4359 only
1207 4295 1316 4359 impeirs
1332 4296 1378 4348 the

172 4371 268 4435 besuty
277 4372 307 4421 ol
316 4371 361 4422 the
372 4385 489 4435 passage.
646 4374 695 4424 468
705 4375 781 4436 flexit
792 4373 872 4424 Lech.
884 4375 925 4424 for
934 4377 1043 4438 saepsit:
1059 4379 1153 4439 saepsit
1164 4376 1212 4427 has
1224 4391 1297 4428 come
1308 4377 1378 4428 from
