3008 4800
168 205 210 268 86
755 202 791 267 II

252 366 400 430 ardorem
423 364 459 428 in
481 364 584 450 partis
606 374 640 430 et
663 366 784 430 lumine
807 366 944 430 conserit
966 388 1060 445 arva;

253 470 288 534 in
311 479 415 534 terras
439 468 543 555 igitur
565 491 692 555 quoque
714 471 789 533 solis
811 470 956 554 vergitur
977 441 1091 588 ardon!

254 582 517 658 transversosque
540 573 646 637 volare
668 595 725 658 per
746 574 858 637 imbris
880 574 1016 637 fulmina
1038 575 1157 638 cernis:

254 699 341 739 nunc
364 676 441 740 hinc
464 698 550 740 nunc
572 676 662 741 illinc
683 678 813 791 abrupti
835 677 1007 741 nubibus
999 699 1090 762 ignes

253 786 467 858 concursant3
492 778 611 843 cadit
602 801 637 843 ιιι
660 787 760 844 terras
782 780 830 843 vis
853 779 1044 843 flammea
1024 743 1191 946 V'OIgol‘n*
1310 795 1370 861 215

130 890 231 918 ‘'¹‘'
298 881 418 946 Illud
409 903 445 945 m
467 881 518 945 his
540 904 668 968 quoque
690 891 723 946 te
746 882 841 947 rebus
863 904 1051 996 cognoscere
1074 905 1134 947 ave
1170 904 1216 959 us,
1268 867 1271 873 ⁴

255 1007 386 1070 corpora
409 1007 484 1049 cum
506 984 656 1049 deorsum
678 993 802 1048 rectum
825 1007 882 1069 per
904 984 1000 1048 inane
1022 985 1170 1049 feruntur
1267 1071 1268 1074 Ἴ
1322 1024 1341 1038 ιι

255 1073 452 1172 ponderibus
474 1088 619 1173 propriis
641 1110 674 1153 se
695 1088 817 1176 incerto
839 1097 983 1172 ternpore
997 1089 1172 1157 ferme

209 1190 453 1293 incertisque
475 1190 552 1254 locis
557 1191 678 1300 spatio
700 1171 860 1293 depellere
883 1184 1080 1278 paulurril³
1096 1187 1116 1218 ·’

209 1281 397 1358 tanturn
410 1288 496 1379 quod
518 1280 650 1385 momen
670 1271 834 1390 ιιιιιιιιιιιιι
856 1293 961 1382 dicere
983 1243 1105 1379 possisl
1312 1310 1376 1358 220

256 1395 343 1481 quod
364 1395 429 1459 nisi
451 1394 611 1501 declinare
630 1375 781 1498 solerent,
803 1385 911 1460 omnia
932 1396 1136 1472 deorsurn‚‘¹⁴

256 1499 370 1563 imbris
391 1471 444 1562 uti
466 1486 591 1585 guttae,
613 1473 766 1577 cederent
787 1500 963 1601 perinane
985 1499 1189 1602 profundum,

257 1624 317 1666 nec
339 1602 423 1666 foret
446 1596 604 1666 offensus
609 1583 705 1666 nctus
728 1625 787 1667 neo
801 1584 905 1689 plegs
927 1596 1035 1668 creatu
1143 1630 1157 1647 ⁶

257 1704 443 1791 principiis:
472 1705 521 1769 ita
542 1705 589 1768 nil
611 1728 767 1791 umquam
789 1715 906 1772 natura
927 1674 1088 1808 creasset·

302 1808 446 1888 Quod
420 1830 448 1872 ιι
472 1809 554 1928 forte
562 1809 719 1916 aliquis
715 1810 819 1883 credit
840 1811 987 1925 graviore
1009 1820 1135 1896 potesse
1315 1826 1375 1892 225

111 1974 115 1980 .
254 1933 398 2005 corpora,
421 1933 485 1997 quo
496 1881 611 2016 ἰιιιιιι
627 1915 759 1984 rectum
774 1935 831 1998 per
853 1913 948 1978 inane
972 1913 1127 1990 feruntur,

210 1990 401 2080 llincidere
424 2037 464 2080 ex
487 2006 602 2100 supero‘
605 1992 797 2080 levioribus
818 2024 918 2102 atque
940 2016 987 2080 ita
1009 2017 1123 2102 plagas

257 2119 392 2236 gignere
416 2141 499 2205 quae
512 2119 646 2206 possint
667 2099 820 2206 genitalis
842 2115 974 2185 reddere
997 2127 1113 2196 motus,

259 2223 351 2288 evius
374 2246 393 2287 a
417 2245 494 2288 vera
516 2223 610 2309 longe
633 2224 757 2288 ratione
779 2208 930 2308 receditl
1193 2220 1301 2339 *μ’-Χ]
1319 2216 1368 2274 ol*

259 2349 337 2391 nam
359 2349 418 2413 per
439 2349 540 2412 eques
562 2349 784 2413 quaecumque
806 2327 926 2392 cedunt
948 2337 1046 2414 atque
1069 2350 1144 2392 aere
1165 2304 1282 2404 reruni,
1317 2345 1381 2409 230

261 2430 341 2496 haec
363 2453 421 2516 pro
443 2430 639 2516 ponderibus
661 2451 752 2494 casus
773 2430 910 2495 celerare
932 2439 1092 2496 necessest

260 2542 431 2619 propterea
452 2534 530 2620 quia
551 2556 669 2620 corpus
687 2556 790 2619 equae
812 2542 1001 2627 natuQ
1013 2534 1119 2607 tenvis

261 2638 344 2702 aeris
366 2638 449 2702 haut
471 2647 607 2722 possunt
628 2659 730 2722 aeque
751 2659 820 2702 rem
842 2660 1003 2724 quamque
1026 2637 1151 2714 morari,

261 2740 318 2805 sed
341 2740 439 2805 citius
461 2739 582 2805 cedunt
603 2739 804 2826 gravioribus
826 2715 1068 2846 exsuperata3ll

262 2850 298 2907 at
320 2849 433 2906 contra
455 2841 538 2906 nulli
559 2841 600 2906 de
623 2841 713 2905 nulla
734 2850 826 2927 parte
849 2864 953 2928 neque
976 2842 1041 2907 ullo

263 2954 410 3032 ternpore
432 2947 529 3011 inane
551 2954 660 3031 potest
682 2969 819 3010 vacuum
842 2946 1015 3011 subsistere
1037 2948 1093 3022 rei,

264 3049 353 3163 quin,
375 3071 434 3114 sua
456 3050 543 3134 quod
565 3058 682 3114 natura
704 3051 797 3135 petit,
820 3048 990 3113 concedere
1013 3059 1147 3135 pergat3

264 3151 374 3215 omnia
396 3159 593 3237 quapropter
613 3151 735 3217 debent
756 3151 930 3268 perinane
954 3151 1102 3237 quietum

264 3278 367 3340 aeque
390 3255 608 3341 ponderibus
610 3279 673 3347 non
695 3256 807 3343 nequis
829 3256 954 3320 concita
976 3256 1059 3321 ferri.

265 3358 353 3423 haud
376 3359 478 3446 igitur
499 3343 654 3476 poterunt
677 3359 849 3425 levioribus
871 3360 1010 3425 incidere
1033 3381 1186 3444 umquam
1320 3376 1385 3438 240

265 3485 305 3528 ex
328 3485 446 3549 supero
469 3464 616 3552 graviora
637 3487 742 3550 neque
764 3464 848 3529 ictus
869 3464 1001 3550 gignere
1024 3485 1137 3549 perse

180 3712 210 3747 or
229 3699 341 3748 aetherio
362 3699 391 3747 of
412 3697 485 3748 older
504 3698 615 3749 editors:
639 3703 704 3751 coeli
723 3700 737 3749 I
756 3699 809 3749 hed
828 3697 922 3762 myself
942 3697 1055 3748 restored
1078 3697 1145 3744 from
1168 3695 1220 3744 Cic.
1241 3695 1312 3744 Aret.
1336 3695 1387 3745 297
1477 3710 1480 3715 ·

180 3797 273 3831 summo
290 3783 355 3831 caeli
373 3783 403 3831 de
420 3785 513 3831 vertice
531 3790 644 3832 tronum.
742 3784 790 3831 214
807 3784 917 3845 abrupti.
951 3782 1065 3842 abruptis
1083 3779 1162 3828 Mser.
1180 3780 1229 3828 sot.
1247 3791 1273 3825 ιι
1292 3777 1365 3828 127.

212 3863 261 3912 218
277 3878 302 3912 oc
319 3862 402 3912 added
418 3863 452 3926 by
469 3863 518 3914 Ed.
549 3866 629 3927 senne
646 3865 714 3914 Flor.
732 3866 763 3912 31
781 3863 868 3914 (lamb.
887 3863 951 3912 Mar.
971 3862 1011 3911 for
1021 3863 1104 3925 firme.
1257 3859 1304 3909 219
1321 3872 1387 3906 mss.

179 3958 224 3994 ere
238 3943 310 4006 quite
325 3943 410 4007 right:
429 3959 471 3995 see
487 3950 562 3994 notes
579 3949 609 3995 2:
629 3949 678 3997 toci
694 3948 785 4010 spatiis
802 3946 919 3994 decellere
936 3943 1015 3993 Lech.
1029 3943 1112 3992 whom
1128 3941 1141 3989 1
1157 3940 1243 3989 before
1259 3939 1386 3989 followed.

213 4026 261 4076 220
277 4041 378 4076 momen.
413 4030 543 4077 minimum
559 4032 609 4077 ιιιο
627 4029 685 4079 Vat.
706 4028 757 4078 ond
774 4028 816 4077 old
832 4025 884 4077 eds.
904 4026 989 4075 before
1006 4026 1081 4074 lunt.
1192 4022 1240 4070 226
1252 4023 1384 4085 seruntur.

176 4107 297 4168 ferantur
308 4106 375 4157 Vict.
505 4110 552 4160 227
560 4111 653 4173 ρὶιιραι
664 4110 685 4157 Β
697 4124 762 4159 corr.
774 4108 825 4158 end
835 4106 926 4156 Lamb.
939 4107 977 4156 for
985 4108 1055 4169 play.
1087 4106 1172 4168 plagiis
1183 4101 1253 4151 Nico.
1266 4100 1385 4150 followed

180 4185 214 4248 by
230 4185 266 4236 all
281 4186 368 4237 before
385 4187 478 4237 Lemb.
574 4190 622 4240 229
640 4191 719 4239 Actus
735 4189 804 4238 Nico.
822 4189 861 4237 for
877 4190 964 4236 Aulin.
1067 4186 1115 4233 233
1132 4185 1204 4232 Aeris
1223 4182 1294 4231 baud
1312 4180 1387 4230 Nico.

180 4268 221 4318 for
236 4269 356 4318 Haerent
372 4271 402 4327 Δ,
421 4272 546 4319 Haeroud
562 4270 583 4319 B
602 4271 673 4320 Gott.
766 4271 814 4318 234
830 4276 978 4333 exsuperato
995 4268 1060 4317 Mor.
1078 4267 1152 4315 lunt.
1170 4264 1210 4313 for
1227 4271 1384 4326 exsuperate.

180 4358 344 4413 exsuperatos
361 4351 432 4402 Nico.
450 4352 561 4414 perhaps
577 4351 682 4416 rightly.
796 4353 845 4403 240
858 4344 976 4416 potemnt
993 4350 1061 4401 Flor.
1083 4350 1114 4398 31
1132 4346 1223 4398 (lomb.
1242 4347 1282 4396 for
1295 4354 1386 4410 potue-
