3008 4800
692 194 740 258 VI

189 357 296 423 multa
317 360 423 424 forent
446 359 560 422 multis
582 367 734 442 exempto
756 357 871 422 nubila
892 357 977 435 sole;

189 483 249 525 nec
264 470 365 551 xtanto
387 471 519 546 possent
542 460 709 524 venientes
732 461 913 546 opprimere
936 459 1040 536 imbri,

189 564 326 626 flumina
347 563 513 626 abundare
538 569 574 625 ut
597 562 739 626 facerent
762 585 954 648 camposque
977 573 1098 641 natare,

186 665 217 728 si
239 660 304 728 non
327 665 485 729 extructis
507 664 589 728 foret
610 665 677 729 alte
700 664 843 729 nubibus
864 640 1000 759 aetheri

191 767 244 831 hic
267 767 369 853 igitur
394 766 499 831 ventis
522 775 621 851 atque
643 766 775 853 ignibus
798 768 906 832 omnia
928 769 1024 853 plena

191 879 286 949 sunt;
315 867 388 933 ideo
410 869 531 953 passim
555 868 703 933 fremitus
726 879 760 933 et
783 869 913 956 fulgura
933 870 1025 934 fiunt.
1058 887 1072 904 ⁸

189 972 312 1057 quippe
335 971 458 1035 etenim
482 993 579 1056 supra
600 971 696 1037 docui
720 974 883 1057 permulta
905 973 1030 1057 vaporis

188 1075 315 1139 semina
338 1075 458 1140 habere
480 1097 575 1140 cavas
597 1076 701 1140 nubes
723 1084 758 1140 et
781 1078 886 1141 multa
904 1088 1066 1166 necessest

191 1181 359 1265 concipere
383 1203 422 1246 ex
445 1180 521 1245 solis
544 1182 642 1246 radiis
663 1181 841 1267 ardoreque
864 1205 982 1248 eorum.

190 1284 251 1347 hoc
274 1283 331 1347 ubi
355 1293 471 1348 ventus
495 1306 549 1348 eas
572 1285 659 1349 idem
682 1285 740 1370 qui
762 1286 850 1371 cogit
872 1286 906 1349 in
929 1308 1031 1351 unum

192 1388 274 1451 forte
298 1388 403 1452 locum
428 1388 583 1473 quemvis,
606 1389 765 1473 expressit
787 1389 893 1453 multa
914 1390 1038 1474 vaporis

190 1490 316 1554 semina
337 1513 436 1576 seque
458 1491 555 1556 simul
578 1514 653 1556 cum
675 1514 713 1558 eo
736 1493 939 1558 commiscuit
960 1494 1037 1578 igni,

190 1596 377 1660 insinuatus
399 1596 446 1658 ibi
469 1604 581 1659 vortex
605 1603 753 1660 versatur
774 1596 808 1660 in
830 1604 901 1660 arto

191 1707 226 1764 et
248 1699 361 1763 calidis
383 1699 472 1763 acuit
494 1697 618 1763 fulmen
640 1699 822 1763 fornacibus
845 1668 959 1779 intusl

134 1858 136 1862 .
191 1825 268 1867 nam
291 1803 414 1888 duplici
436 1802 560 1867 ratione
582 1802 780 1878 accenditur,
801 1802 871 1888 ipse
893 1826 951 1868 sua
971 1827 1046 1868 cum
1086 1808 1088 1811 ’

191 1906 375 1970 mobilitate
397 1906 529 1970 calescit
552 1913 586 1970 et
609 1927 627 1970 e
649 1906 842 1992 contagibus
864 1882 975 2002 ignis}
1037 1948 1039 1952 ι

192 2009 269 2073 inde
292 2009 349 2074 ubi
372 2011 533 2096 percaluit
556 2011 646 2074 venti
669 2009 718 2075 vis
741 2019 770 2076 et
791 2011 898 2097 gravis
920 2012 1003 2097 ignis

191 2111 335 2196 impetus
357 2112 499 2190 incessit,
522 2121 688 2177 maturum
712 2121 784 2177 tum
807 2115 899 2198 quasi
921 2114 1043 2179 fulmen

192 2214 370 2298 perscindit
392 2215 504 2279 subito
526 2216 657 2291 nubem,
679 2215 846 2300 ferturque
868 2217 1004 2280 coruscis

190 2317 301 2381 omnia
323 2318 502 2382 luminibus
526 2318 666 2383 lustrans
688 2320 758 2383 loca
779 2319 921 2405 percitus
942 2294 1060 2403 ardonl

191 2442 289 2506 quem
312 2421 421 2506 gravis
443 2422 627 2507 insequitur
648 2422 781 2500 sonitus
804 2422 945 2507 displosa
965 2431 1098 2507 repente

191 2523 373 2608 opprimere
396 2532 434 2588 ut
457 2525 538 2588 caeli
561 2524 710 2589 videatur
731 2525 855 2610 templa
876 2503 1036 2613 supernel

190 2627 267 2691 inde
290 2636 411 2692 tremor
433 2639 536 2693 terras
557 2629 701 2715 graviter
722 2637 922 2714 pertemptat
945 2637 979 2693 et
1000 2628 1104 2692 altum

192 2745 358 2795 murmura
380 2741 573 2818 percurrunt
594 2732 738 2812 caelum3
768 2754 844 2796 nam
866 2740 937 2797 tota
958 2733 1024 2796 fere
1047 2741 1117 2796 tum

192 2843 370 2920 tempestas
393 2859 546 2901 concussa
567 2837 681 2901 tremit
703 2837 914 2922 fremitusque
937 2822 1124 2945 moventur]

190 2941 318 3026 quode
341 2965 497 3006 concussu
520 2943 669 3027 sequitur
689 2943 797 3029 gravis
820 2942 923 3007 imber
944 2951 978 3006 et
1002 2942 1089 3018 uber,

191 3043 296 3108 omnis
320 3044 370 3108 uti
394 3045 544 3108 videatur
565 3045 600 3109 in
623 3045 762 3109 imbrem
785 3045 904 3109 vertier
926 3045 1038 3108 aether

191 3154 291 3231 atque
314 3147 363 3210 ita
384 3148 602 3232 praecipitans
623 3147 665 3211 ad
688 3147 845 3212 diluviem
868 3147 1027 3212 revocari:

192 3257 306 3313 tantus
328 3250 463 3314 discidio
486 3251 583 3315 nubis
605 3251 759 3336 ventique
781 3250 920 3336 procella

146 3385 172 3432 χ
191 3353 347 3430 mittitur,
369 3355 496 3419 ardenti
519 3355 644 3419 sonitus
667 3376 742 3419 cum
763 3355 909 3440 provolat
931 3325 1020 3455 ictul

192 3468 243 3522 est
265 3458 366 3522 etiam
389 3481 463 3522 cum
489 3458 536 3522 vis
559 3459 758 3522 extrinsecus
780 3458 880 3522 incita
903 3458 991 3522 venti
1247 3475 1308 3540 295

110 3699 205 3748 tanus.
320 3699 368 3747 268
380 3700 480 3760 effertus
491 3698 571 3747 Laoh.
584 3699 622 3747 for
633 3705 658 3748 et
664 3700 756 3760 satus.
790 3706 815 3748 et
820 3701 907 3761 fertur
918 3697 984 3759 vulg.
1065 3733 1068 3742 .
1093 3697 1140 3747 269
1153 3698 1230 3759 pleno
1240 3696 1309 3745 Flor.

110 3780 335 3830 nonmusios
357 3785 406 3830 eto.
427 3782 468 3830 for
480 3784 570 3845 plana.
671 3815 673 3821 ,
713 3783 760 3833 272
778 3784 867 3831 lubere
885 3781 961 3831 Pont.
982 3780 1045 3829 Mar.
1067 3779 1125 3828 Ald.
1145 3780 1158 3826 1
1176 3780 1250 3828 Junt.
1271 3779 1311 3828 for

110 3862 233 3912 haedere.
271 3865 318 3912 froc
335 3864 366 3912 de
383 3879 410 3912 re
428 3863 499 3915 Nico.
607 3865 655 3914 277
672 3871 728 3913 arto
745 3863 825 3913 Laoh.
843 3864 883 3912 for
899 3865 960 3912 allo.
1080 3862 1311 3912 salvationes

110 3948 193 4007 provio
209 3948 276 4008 iunia
293 3946 381 3995 Bentl.
399 3945 440 3994 for
455 3949 541 4006 pravis
557 3948 626 3995 venti
640 3948 680 3995 vis
693 3947 759 4006 ipsi.
788 3947 907 4005 provido,
920 3952 967 3992 aut
979 3946 1019 3993 vis
1033 3946 1100 4006 ipsis
1117 3951 1141 3992 et
1155 3943 1307 3994 acernam

111 4030 145 4078 uir
157 4031 226 4078 venti
237 4029 278 4077 vel
288 4029 376 4089 pravis
387 4030 455 4089 ipsis
466 4029 532 4077 Mar.
545 4026 721 4077 tunsionis.
734 4031 782 4076 etc.
909 4027 955 4076 286
967 4027 1083 4075 videatur
1095 4025 1142 4074 Ed.
1157 4025 1197 4074 for
1208 4027 1310 4076 videau-

111 4119 161 4163 lar:
179 4111 224 4161 the
241 4110 323 4160 scriba
340 4111 389 4160 has
405 4110 518 4173 adopted
535 4110 579 4160 the
595 4110 656 4160 verb
673 4113 701 4160 to
719 4111 826 4172 ternpla:
844 4109 1002 4159 see11108:
1019 4107 1047 4156 in
1061 4108 1109 4159 467
1120 4108 1238 4156 videatur
1248 4123 1310 4157 mss.

111 4193 146 4242 for
156 4195 299 4243 amanto.
322 4192 399 4243 Laeli
409 4192 484 4241 reads
496 4195 644 4255 Exprimere
657 4192 696 4241 for
710 4192 860 4254 Oppi-imre,
870 4191 946 4240 Bern.
958 4191 1084 4239 Occidere.
1133 4189 1182 4238 290
1192 4203 1312 4239 coruram

111 4276 127 4326 Β
138 4290 203 4327 corr.
215 4275 292 4326 Pont.
305 4276 371 4326 Mar.
383 4276 441 4326 Ald.
457 4276 556 4324 lJunt.
568 4275 610 4324 for
621 4290 761 4325 concarrus.
866 4276 913 4326 291
925 4276 964 4322 ati
975 4273 1051 4322 Pont.
1064 4272 1128 4322 Mar.
1141 4271 1197 4322 Ald
1211 4273 1225 4320 1
1236 4273 1310 4323 tunt.

112 4356 193 4408 mor.
226 4357 535 4408 itautFlor.310amb.
612 4359 660 4407 292
672 4359 786 4407 revocari
797 4355 876 4406 Laeli
891 4357 930 4406 for
940 4369 1063 4405 revocare.
1141 4355 1189 4406 296
1200 4356 1311 4406 calidam
