3008 4800
744 215 774 276 V
1296 230 1357 296 245

237 377 386 442 laudibus
409 386 443 442 et
465 377 546 441 miro
569 387 619 442 est
642 377 787 441 mortalis
809 378 895 441 inter
919 347 1065 473 honorel
1277 383 1358 444 1280

281 479 379 543 Nunc
401 479 464 543 tibi
486 501 550 564 quo
573 487 668 563 pacto
691 479 766 542 ferri
787 488 906 543 natura
928 488 1056 563 reperta-

237 583 281 646 sit
300 583 428 655 facilest
450 583 514 667 ipsi
537 604 594 667 per
616 592 650 662 te
673 605 870 668 cognoscere,
896 561 1052 659 Memmii

237 707 327 750 arma
348 687 485 771 antiqua
506 708 622 750 manus
644 707 771 773 ungues
793 686 972 772 dentesque
995 687 1127 751 fuerunt

238 796 272 851 et
295 787 418 873 lapides
441 796 476 852 et
497 788 578 851 item
601 787 754 851 silvarum
779 789 939 872 fragmina
961 789 1051 864 rami,

237 899 273 955 et
288 891 419 955 flamma
437 900 536 977 atque
556 890 656 977 ignes,
671 902 844 976 postquam
859 900 938 956 sunt
953 892 1084 978 cognita
1098 892 1245 978 primum.
1255 851 1262 987 Ι
1274 896 1352 974 1285

238 993 398 1077 posterius
420 993 497 1058 ferri
518 993 568 1058 vis
590 1002 640 1058 est
662 994 809 1079 aerisque
830 973 980 1095 reperta}

236 1104 272 1160 et
294 1096 382 1180 prior
402 1096 486 1161 aeris
508 1105 579 1161 erut
603 1119 701 1182 quam
724 1099 799 1162 ferri
821 1099 970 1185 cognitus
992 1121 1080 1175 usus,

238 1220 302 1283 quo
324 1198 426 1263 facilis
448 1200 552 1286 magis
577 1209 628 1264 est
649 1209 767 1264 natura
790 1209 824 1265 et
846 1201 938 1287 copia
960 1180 1082 1291 maioni
1136 1213 1139 1218 ’

233 1323 309 1366 aere
331 1301 435 1366 solum
458 1310 562 1368 terrae
586 1303 780 1379 tractabant,
802 1326 939 1390 aereque
961 1303 1039 1369 belli

236 1405 416 1471 miscebant
437 1407 557 1472 fluctus
579 1417 614 1472 et
638 1408 772 1472 vulnera
793 1416 885 1472 vasta
907 1409 1058 1473 serebant

235 1515 271 1572 et
293 1531 392 1594 pecus
414 1517 513 1595 atque
536 1533 628 1595 agros
650 1511 856 1590 adimebant;
886 1534 962 1575 nam
985 1511 1078 1576 facile
1101 1511 1171 1575 ollis

232 1612 344 1676 omnia
365 1613 524 1679 cedebant
545 1614 679 1679 armatis
700 1615 789 1679 nuda
811 1626 844 1679 et
866 1596 1020 1712 inerma}

236 1715 312 1779 inde
334 1716 525 1781 minutatim
550 1717 705 1802 processit
727 1718 848 1782 ferreus
871 1719 958 1783 ensis

237 1841 391 1904 versaque
414 1819 449 1884 in
471 1820 679 1905 obprobrium
701 1821 824 1906 species
846 1830 892 1886 est
915 1821 1004 1886 falcis
1028 1822 1159 1898 ahenea

181 1930 183 1934 ”
238 1931 272 1986 et
295 1923 376 1987 ferro
398 1946 531 2009 coepere
553 1924 658 1988 solum
681 1924 883 2008 proscindere
905 1934 1011 1989 terrae

238 2035 482 2112 exaequataque
504 2035 582 2092 sunt
605 2027 727 2112 creperi
749 2027 927 2092 certamina
948 2002 1051 2116 bellil
1100 2087 1101 2090 ,

239 2137 272 2193 et
294 2129 384 2214 prius
407 2138 457 2194 est
479 2137 643 2194 armatum
666 2130 700 2193 in
722 2130 798 2216 equi
821 2131 1032 2196 conscendere
1055 2139 1158 2196 costas

235 2239 272 2295 et
293 2232 488 2297 moderarier
510 2233 596 2296 huno
619 2233 718 2297 frenis
739 2233 918 2318 dextraque
941 2233 1050 2320 vigere

237 2356 336 2419 quam
358 2335 470 2422 biiugo
492 2358 588 2400 curru
611 2336 689 2400 belli
711 2345 873 2421 temptare
896 2317 1033 2429 pericla}

238 2446 271 2502 et
293 2438 420 2524 biiugos
443 2440 532 2525 prius
554 2449 605 2504 est
627 2462 725 2525 quam
748 2439 798 2504 bis
820 2440 1014 2527 coniungere
1037 2440 1130 2506 binos
1275 2459 1356 2522 1300

191 2529 270 2638 let
293 2565 391 2628 quum
414 2544 570 2609 falciferos
593 2552 754 2608 armatum
778 2544 948 2609 escendere
971 2519 1106 2650 currus)

189 2669 216 2751 p
236 2643 311 2708 inde
333 2645 430 2710 boves
453 2646 541 2711 lucas
564 2646 681 2710 turrito
704 2668 844 2731 corpore,
866 2655 997 2723 taetras,

236 2747 461 2846 angpimanus,
483 2748 562 2814 belli
583 2750 764 2815 docuerunt
786 2751 918 2815 volnera
940 2750 1040 2815 Poeni

235 2851 369 2916 sufferre
392 2861 427 2917 et
448 2876 583 2940 magnas
605 2854 720 2918 Martis
743 2855 874 2918 turbare
896 2864 1051 2920 catervas,

232 2954 283 3018 sio
305 2955 372 3020 alid
394 2979 434 3021 ex
457 2957 520 3023 alio
542 2958 669 3043 peperit
692 2959 851 3023 discordia
872 2959 983 3037 tristis,

238 3061 390 3128 horribile
413 3063 563 3128 humanis
586 3064 672 3150 quod
694 3064 848 3151 gentibus
871 3073 955 3130 esset
977 3065 1012 3128 in
1034 3065 1139 3141 armis,

238 3165 337 3251 inque
360 3166 429 3232 dies
452 3167 530 3232 belli
552 3168 729 3233 terroribus
751 3168 878 3233 addidit
901 3145 1069 3333 augmenq

281 3269 498 3355 Temptarunt
521 3269 621 3335 etiam
645 3279 754 3335 tauros
777 3271 811 3335 in
834 3292 982 3335 moenere
1005 3271 1083 3334 beli

238 3372 426 3458 expertique
449 3396 523 3439 sues
545 3397 657 3439 saevos
679 3384 757 3439 sunt
780 3374 912 3438 mittere
934 3374 969 3438 in
992 3342 1117 3476 hostisl

238 3482 271 3538 et
294 3475 415 3540 validos
438 3477 557 3561 partim
581 3500 656 3562 prae
679 3499 713 3541 se
736 3477 852 3542 misere
875 3477 983 3542 leones
1275 3493 1356 3556 1310

147 3709 234 3760 added
244 3710 278 3773 by
288 3711 359 3760 Brix.
372 3711 446 3763 Pont.
462 3712 527 3761 Mar.
598 3714 662 3762 1285
673 3716 778 3776 flammo
789 3720 863 3776 atque
875 3712 897 3761 B
909 3726 973 3762 corr.
988 3712 1057 3761 Flor.
1071 3714 1101 3760 31
1114 3713 1202 3764 (lamb.
1214 3716 1230 3762 4
1240 3714 1299 3766 Vat.
1314 3716 1353 3764 for

143 3797 400 3858 ,flammaequeipaea
428 3796 634 3858 flammeotquc
646 3795 831 3857 Mur.Nauger.
845 3795 936 3844 Lamb.
949 3799 996 3845 etc.
1111 3797 1174 3846 1294
1191 3798 1354 3860 obprobrium.

153 3878 281 3926 obscenum
291 3876 327 3925 all
339 3875 384 3926 the
395 3891 457 3926 mss.
467 3878 496 3926 ol
506 3877 619 3928 Macrob.
629 3882 713 3926 satvr
726 3879 740 3925 1
753 3878 792 3935 63,
801 3876 910 3926 collated
921 3878 954 3938 by
965 3878 1057 3926 Ianus:
1076 3892 1092 3926 a
1103 3877 1205 3927 curious
1216 3879 1350 3929 variation.

151 3956 228 4008 taen
243 3956 301 4006 who
311 3956 444 4019 depended
455 3973 489 4007 on
501 3973 536 4008 an
547 3957 590 4008 old
601 3957 699 4008 edition
710 3958 738 4008 of
752 3958 907 4017 Macrobius,
919 3959 942 4008 is
953 3958 1083 4008 mistaken
1097 3959 1125 4008 in
1139 3960 1280 4023 supposing
1295 3960 1353 4011 that
1416 4008 1419 4014 ,

147 4041 278 4089 obscenum
293 4038 317 4088 is
333 4042 381 4088 not
397 4039 442 4090 the
458 4055 506 4090 ms.
521 4040 635 4103 reading.
736 4042 799 4091 1297
816 4049 949 4090 urnraturu.
983 4051 1124 4105 repperiam
1135 4042 1226 4092 hamb.
1239 4047 1287 4094 etc.
1301 4043 1354 4092 and

152 4123 215 4174 1301
227 4126 355 4179 inventum
366 4124 431 4173 Mar.
443 4123 460 4172 J
461 4127 516 4172 unt.
528 4123 619 4172 Lamb.
632 4127 679 4174 etc.
692 4125 879 4175 loramentum:
897 4124 960 4175 both
972 4125 1087 4174 needless
1098 4125 1218 4188 changes.

184 4205 247 4256 1000
265 4207 362 4270 biiupor
378 4205 460 4255 Faber
477 4207 518 4256 for
534 4208 634 4268 biiupo:
653 4208 737 4268 biiupo
752 4207 840 4256 makes
855 4207 901 4256 the
918 4207 1096 4256 construction
1111 4208 1248 4269 extremely
1262 4206 1352 4267 harsh,

151 4285 212 4348 und,
223 4301 253 4338 as
262 4287 346 4339 Faber
358 4301 424 4352 says,
435 4287 483 4337 has
494 4301 568 4337 come
580 4287 647 4336 from
660 4289 731 4339 1299.
836 4290 899 4337 1302
911 4295 1005 4338 taetras
1018 4289 1113 4353 (tetras)
1125 4288 1205 4338 Lech.
1217 4289 1257 4338 ior
1266 4297 1353 4340 tetros:

145 4367 253 4434 righer.
264 4382 307 4421 see
318 4369 389 4422 1339.
517 4369 581 4418 1310
589 4372 694 4432 purtim.
728 4372 820 4420 Partbi
832 4371 919 4421 (lamb.
932 4372 947 4418 2
959 4371 1018 4421 Vat.
1030 4391 1035 4422 :
1054 4386 1069 4419 a
1080 4370 1186 4433 reading
1197 4371 1308 4434 adopted
1318 4371 1353 4434 by
