3008 4800
738 212 787 276 VI

235 373 321 439 floris
343 376 440 440 odore
463 375 630 439 hominem
652 383 759 440 taetro
780 382 937 439 consueta
957 336 1102 469 necaral

231 476 355 541 scilicet
378 477 458 540 haec
481 476 553 540 ideo
576 476 672 540 terris
694 498 734 540 ex
759 476 869 540 omnia
891 484 1039 562 surgunt,

232 580 338 643 multa
361 580 465 644 modis
488 579 602 643 multis
625 581 805 644 multarum
828 580 953 644 semina
974 602 1082 645 rerum

231 683 318 769 quod
340 685 504 770 permixta
525 684 612 771 gerit
636 684 735 748 tellus
757 684 961 768 discretaque
985 655 1103 796 traditi
1290 703 1354 767 790

232 799 493 872 nocturnumque
516 808 628 851 recens
651 787 836 851 extinctum
860 788 970 852 lumen
992 788 1050 852 ubi
1072 788 1136 851 acri

233 891 344 955 nidore
367 889 504 954 offendit
527 911 630 966 narce,
653 891 801 975 consopit
823 890 956 967 ibidem,

233 993 399 1058 concidere
422 1001 457 1057 et
479 1015 611 1076 spumas
634 993 692 1079 qui
714 993 826 1058 morbo
850 994 982 1058 mittere
1004 965 1133 1107 suevitl

232 1103 440 1180 castoreoque
461 1095 555 1182 gravi
577 1095 696 1159 mulier
718 1095 826 1181 sopita
846 1096 1010 1161 recumbit

232 1206 267 1260 et
290 1197 442 1262 manibus
464 1197 608 1263 nitidum
632 1199 753 1263 teneris
776 1220 857 1283 opus
881 1199 985 1264 effluit
1007 1200 1047 1275 ei,
1296 1214 1357 1280 795

233 1308 379 1385 tempore
402 1323 440 1366 eo
462 1303 490 1366 si
513 1301 680 1367 odoratast
702 1324 767 1388 quo
790 1311 958 1367 menstrua
980 1269 1105 1398 solvitl

231 1403 400 1488 multaque
423 1413 594 1489 praeterea
617 1404 809 1491 languentia
832 1407 979 1471 membra
1001 1428 1059 1491 per
1080 1414 1169 1470 artus

231 1507 361 1571 solvunt
384 1516 484 1593 atque
507 1509 651 1572 animam
676 1508 876 1574 labefactant
897 1509 1029 1574 sedibus
1050 1486 1166 1607 intusl

233 1611 374 1696 denique
396 1612 425 1675 si
448 1611 561 1676 calidis
584 1612 685 1676 etiam
708 1623 863 1678 cunctare
886 1612 1025 1678 lavabris

232 1714 358 1799 plenior
380 1725 415 1778 et
438 1714 563 1792 laveris,
586 1715 666 1779 solio
690 1715 846 1781 ferventis
868 1715 966 1800 aquai
1297 1719 1360 1782 800

140 1900 144 1906 ⁴
233 1839 331 1901 quam
354 1818 447 1882 facile
470 1818 505 1880 in
528 1818 636 1883 medio
658 1819 697 1884 fit
720 1819 772 1884 uti
794 1821 852 1884 des
875 1841 971 1904 saepe
993 1800 1136 1905 ruinasll

232 1921 474 2007 carbonumque
495 1923 606 2008 gravis
629 1922 679 1986 vis
701 1930 801 2008 atque
824 1923 902 1988 odor
924 1923 1107 1988 insinuatur
1131 1914 1134 1927 '

231 2047 328 2109 quam
352 2025 445 2090 facile
468 2025 503 2089 in
526 2026 704 2102 cerebrum,
727 2026 792 2091 nisi
813 2049 933 2112 aquam
955 2027 1176 2113 praecepimus
1199 1994 1308 2144 antei!

231 2135 266 2191 at
289 2149 364 2192 cum
386 2128 534 2193 membra
555 2128 672 2193 domus
696 2130 842 2215 percepit
865 2129 1009 2206 fervidu’‚
1032 2130 1140 2194 nervis

231 2242 304 2298 tum
326 2234 365 2298 fit
388 2233 466 2299 odor
489 2234 550 2298 viri
573 2234 690 2320 plagae
713 2235 899 2300 mactabilis
922 2203 1045 2328 instari
1295 2237 1355 2314 805

233 2358 340 2402 nonne
363 2336 455 2402 vides
476 2338 578 2403 etiam
601 2346 690 2402 terra
712 2360 842 2424 quoque
865 2339 978 2424 sulpur
999 2338 1033 2402 in
1056 2338 1126 2424 ipsa

232 2443 361 2529 gignier
384 2451 419 2508 et
442 2452 548 2509 taetro
571 2465 774 2509 concrescere
796 2444 893 2508 odore
915 2444 1081 2521 bitumen3

235 2546 376 2632 denique
399 2547 457 2611 ubi
479 2548 609 2633 argenti
632 2571 731 2613 venas
753 2549 890 2634 aurique
912 2556 1074 2624 secuntur,

235 2651 334 2714 terrai
356 2650 489 2735 penitus
511 2659 695 2716 scrutantes
717 2651 832 2716 abdita
854 2651 947 2727 ferro,

235 2754 340 2838 qualis
362 2753 490 2838 expiret
513 2753 731 2838 Scaptensula
752 2754 866 2820 subter
888 2722 1036 2852 odoresll

231 2857 349 2942 quidve
373 2857 451 2921 mali
473 2857 512 2922 fit
534 2865 574 2922 ut
597 2858 752 2923 exhalent
773 2867 890 2922 aurata
911 2809 1077 2947 metallatl

236 2983 316 3046 quas
338 2961 508 3025 hominum
531 2960 674 3026 reddunt
697 2962 794 3026 facies
817 2961 986 3048 qualisque
1007 2961 1142 3024 colores!

149 3147 206 3198 Ald.
223 3148 324 3197 liunt.
340 3149 380 3197 for
395 3149 469 3198 indeo
484 3151 541 3198 tris.
642 3150 690 3200 789
706 3148 729 3196 is
745 3147 842 3211 rightly
856 3147 944 3210 joined
959 3147 993 3210 by
1004 3147 1091 3196 (lamb.
1107 3146 1197 3197 Lamb.
1216 3147 1268 3196 Gif.
1284 3146 1357 3196 Wak.

152 3230 215 3280 with
227 3231 283 3281 790.
318 3230 415 3280 Oreech
426 3231 507 3280 Lach.
521 3235 569 3282 etc.
584 3235 694 3280 connect
706 3231 727 3280 it
739 3230 803 3280 with
814 3233 871 3281 788.
997 3231 1044 3280 791
1055 3232 1111 3278 acri
1120 3229 1211 3278 Lamb.
1222 3229 1260 3280 ad.
1275 3231 1290 3276 2
1303 3229 1360 3279 first

153 3312 193 3361 for
203 3316 279 3364 acria
392 3315 440 3365 793
453 3321 477 3364 et
488 3329 588 3378 rpumm
601 3313 705 3376 Madvig
715 3312 744 3362 iu
755 3311 919 3362 Henrichsen
929 3312 961 3361 do
971 3312 1062 3374 fragm.
1077 3312 1193 3374 Gottorp.
1205 3326 1230 3374 p.
1243 3314 1274 3363 37
1286 3312 1325 3362 for
1336 3321 1361 3363 ct

148 3410 248 3457 pantos:
266 3411 366 3458 spasmos
383 3395 474 3447 Lamb.
495 3396 577 3445 found
594 3396 622 3444 in
640 3411 721 3458 marg.
739 3395 768 3446 of
789 3395 845 3445 cod.
864 3394 1013 3444 Memmisn.
1048 3394 1125 3444 Lach.
1143 3398 1203 3456 puts
1220 3394 1273 3444 this
1289 3409 1361 3444 verse

150 3475 217 3525 after
234 3478 282 3525 801
299 3476 352 3526 and
367 3477 444 3527 reads
460 3485 485 3527 et
502 3493 615 3540 spumam
631 3486 660 3526 ut
677 3477 833 3540 perversely:
857 3476 930 3526 older
946 3477 1101 3526 corrections
1119 3491 1162 3525 ara
1182 3475 1318 3539 unworthy
1333 3476 1363 3526 of

148 3556 242 3607 notice.
341 3559 390 3609 798
401 3559 557 3622 labefactant
568 3559 637 3608 Flor.
651 3561 682 3608 31
694 3557 784 3608 (lamb.
796 3559 862 3608 Mar.
874 3559 932 3608 Ver.
944 3558 1006 3609 Van.
1021 3559 1060 3606 for
1072 3559 1238 3620 labefaciant

184 3639 231 3688 799
243 3646 359 3688 mactare
371 3638 450 3705 Laeli
467 3639 505 3688 for
516 3648 640 3690 cunctere.
751 3641 800 3689 800
811 3648 835 3688 et
847 3642 948 3696 Moeris,
960 3640 1022 3687 solio
1033 3639 1110 3689 Lach.
1126 3640 1165 3688 for
1175 3641 1280 3700 affluerit
1290 3639 1360 3689 solio.

151 3727 176 3768 et
189 3721 287 3782 smmis
298 3722 361 3769 solio
373 3719 459 3769 Madv.
471 3720 489 3770 l.
502 3721 533 3771 l.:
553 3721 597 3770 the
612 3735 720 3783 passage
736 3721 759 3770 is
772 3736 835 3783 very
847 3720 974 3770 doubtful.
1089 3721 1136 3770 803
1147 3736 1239 3783 aquom
1249 3720 1318 3770 Flor.
1330 3721 1361 3768 31

151 3801 241 3851 camb.
253 3802 328 3851 Pont.
341 3802 406 3853 Mar.
421 3802 496 3851 Junt.
508 3803 548 3851 lor
559 3818 637 3865 aquo.
762 3801 811 3851 804
822 3803 931 3850 membro
941 3803 1024 3849 domm
1036 3801 1094 3850 Vat.
1106 3801 1169 3853 3276
1181 3801 1251 3850 Brix.
1262 3801 1324 3850 Pius
1335 3801 1363 3850 in

152 3889 234 3944 notes,
246 3885 360 3935 Gronov.
371 3885 451 3936 Lach
466 3887 507 3935 for
517 3888 626 3935 menstra
638 3887 748 3935 domnus.
780 3883 955 3934 domin'Nicc.
984 3885 1095 3933 dominus
1107 3884 1164 3932 Ver.
1178 3884 1362 3946 Van.Naugsr.

152 3965 229 4014 doum
240 3964 308 4015 Flor.
322 3966 353 4013 31
370 3964 460 4016 (lamb.
479 3967 529 4013 two
542 3964 602 4012 Vat.
636 3965 744 4012 membra
759 3964 862 4013 domans
878 3963 943 4012 Mar.
954 3963 1027 4012 Junt.
1046 3963 1080 4011 Is.
1094 3963 1165 4011 Voss.
1177 3962 1204 4011 in
1221 3976 1269 4011 ms.
1281 3966 1362 4019 notes.

153 4045 236 4095 Madv.
249 4045 295 4094 1.1.
328 4047 436 4095 mnatre
453 4047 560 4095 hortinis
571 4045 663 4094 Lamb.
742 4044 959 4107 ferradu’‚ncrois
972 4044 1021 4092 Ed.
1035 4044 1158 4108 (fervido,
1171 4047 1253 4092 nervis
1264 4043 1363 4105 Wak.):

151 4127 197 4178 the
206 4143 225 4176 a
235 4127 264 4175 of
273 4130 356 4177 newis
368 4142 421 4176 was
432 4128 535 4177 written
547 4142 608 4176 over
621 4127 665 4176 the
677 4127 730 4176 lina
741 4127 792 4176 and
803 4126 918 4189 wrongly
929 4125 1048 4176 attached
1058 4133 1084 4175 to
1096 4127 1189 4175 doinus:
1207 4125 1286 4174 hence
1297 4126 1361 4174 dom·

150 4225 206 4260 aus.
234 4210 361 4271 fervidior
383 4211 423 4258 vis
445 4208 525 4260 Lach.
552 4209 591 4258 for
609 4211 714 4272 fervido
735 4211 814 4258 seruis
835 4209 859 4257 A
881 4208 951 4258 Nico.
979 4209 1084 4271 fervido
1101 4210 1181 4271 servis
1203 4207 1236 4254 B:
1259 4207 1363 4269 fervida

148 4293 229 4354 febris
241 4291 382 4342 Lamb.1s.
394 4292 469 4341 Voss.
481 4292 510 4341 in
522 4307 570 4342 ms.
584 4297 667 4353 notes,
683 4291 770 4342 Madv.
827 4292 876 4341 305
886 4293 938 4340 virt
951 4290 1011 4339 Pius
1023 4290 1050 4339 in
1062 4295 1144 4348 notes,
1156 4288 1235 4338 Lech.
1247 4288 1286 4338 for
1297 4290 1360 4337 viui.

190 4374 238 4424 806
250 4376 307 4438 ipsa
318 4374 387 4425 Flor.
403 4376 434 4422 31
447 4373 538 4424 (lamb.
548 4374 624 4424 Pont.
638 4375 678 4423 ior
689 4378 751 4438 ipso.
895 4373 943 4422 808
954 4375 1053 4434 argenti
1064 4371 1133 4421 Flor.
1145 4372 1176 4421 31
1188 4369 1278 4420 (lamb.
1289 4369 1360 4421 Mon.
