3008 4800
692 227 748 292 III

188 395 236 458 vis
257 390 369 467 animi,
390 389 452 453 nisi
474 389 537 452 erit
560 410 687 452 consors
710 389 744 451 in
767 389 891 474 origine
914 349 1072 482 primail

188 495 307 581 quidve
330 494 413 558 foras
434 491 496 555 sibi
520 492 591 554 vult
614 492 768 556 membris
790 493 879 556 exire
902 493 1066 557 senectia?
1077 474 1089 604 Ι

189 621 231 660 an
254 595 374 659 metuit
395 594 542 657 conclusa
565 615 695 657 manere
719 593 906 678 incorpore
930 595 1019 678 putri

190 711 224 764 et
245 701 360 764 domus
382 697 499 762 aetatis
521 697 627 783 spatio
649 719 690 761 ne
713 698 795 761 fessa
818 707 946 762 vetusto

191 805 330 868 obruat?
359 811 394 865 at
416 823 478 864 non
502 809 580 865 sunt
602 801 778 864 immortali
802 801 868 865 nlla
890 802 1018 887 pericla.
1247 819 1307 886 775

233 907 385 990 Denique
407 904 545 970 conubia
565 904 608 968 ad
630 905 765 968 Veneris
786 915 965 990 partusque
989 907 1127 970 ferarum

193 1033 261 1075 esse
282 1010 408 1074 animas
430 1020 558 1095 praesto
581 1009 795 1074 deridiculum
819 1032 889 1074 esse
912 1009 1050 1086 videtur,

194 1122 363 1199 expectare
386 1112 576 1177 immortalis
599 1112 750 1177 mortalia
771 1113 918 1177 membra

193 1218 362 1281 innumero
384 1237 516 1279 numero
539 1223 724 1301 certareque
747 1224 1032 1300 praeproperanter

193 1321 334 1385 interae
357 1341 439 1404 quae
462 1318 568 1403 prima
589 1319 821 1404 potissimaque
844 1319 1045 1399 insinuetur;
1248 1324 1313 1401 780

195 1425 222 1489 si
244 1446 308 1488 non
330 1424 412 1488 forte
435 1423 483 1487 ita
504 1431 582 1486 sunt
604 1422 786 1486 animarum
809 1422 938 1486 foedera
959 1431 1054 1507 pacta

196 1538 234 1592 ut
257 1549 340 1613 quae
361 1526 465 1611 prima
487 1523 598 1587 volans
621 1524 789 1588 advenerit
811 1524 996 1590 insinuetur

196 1631 300 1717 prima
322 1650 428 1713 neque
449 1627 536 1691 inter
557 1648 592 1691 se
614 1626 812 1692 contendant
835 1629 958 1694 viribus
982 1593 1111 1740 hilum!

240 1733 389 1818 Denique
411 1730 445 1794 in
466 1729 598 1794 aethere
621 1752 685 1794 non
707 1730 810 1806 arbor,
834 1753 899 1796 non
921 1754 1060 1818 aequore
1082 1734 1116 1796 in
1138 1734 1205 1798 alto

198 1838 299 1902 nubes
322 1857 391 1900 esse
413 1841 538 1920 queunt
561 1856 620 1898 nec
643 1834 746 1919 pisces
768 1835 876 1900 vivere
899 1837 934 1901 in
956 1837 1040 1900 arvis
1250 1840 1310 1919 785

197 1962 256 2004 nec
278 1960 370 2003 cruor
391 1937 426 2001 in
448 1936 544 2023 lignis
566 1957 672 2021 neque
694 1936 779 2001 saxis
802 1959 899 2002 sucus
920 1924 1053 2036 inessel

196 2051 321 2108 certum
343 2063 380 2106 ac
402 2040 626 2126 dispositumst
648 2041 706 2105 ubi
728 2041 876 2127 quicquit
898 2052 1019 2108 creseat
1042 2052 1076 2108 et
1098 2028 1201 2143 insit}

199 2149 244 2213 sic
265 2147 366 2213 animi
388 2154 504 2210 natura
526 2146 641 2230 nequit
664 2145 733 2210 sine
756 2169 886 2233 corpore
908 2148 983 2212 oriri

199 2253 266 2317 sola
287 2273 393 2337 neque
414 2272 434 2313 a
456 2251 562 2314 nervis
585 2259 619 2314 et
641 2250 799 2337 sanguine
822 2251 962 2338 longiter
985 2226 1081 2343 essel

200 2356 335 2442 quodsi
358 2356 479 2440 (posset
503 2354 589 2418 enim
613 2354 717 2418 multo
740 2355 843 2440 prius)
866 2356 936 2440 ipsa
958 2355 1059 2419 animi
1082 2356 1132 2420 vis
1253 2373 1317 2438 790

200 2461 233 2525 in
255 2459 361 2545 capite
383 2469 442 2523 aut
464 2457 584 2521 umeris
606 2466 664 2521 aut
686 2457 761 2521 imis
783 2458 925 2522 calcibus
947 2480 1016 2522 esse

200 2571 307 2651 posset
328 2570 364 2628 et
386 2561 508 2627 innasci
532 2561 644 2646 quavis
667 2562 702 2625 in
725 2571 826 2646 parte,
848 2563 966 2627 soleret

202 2669 333 2733 tandem
355 2668 390 2731 in
412 2667 524 2732 eodem
548 2665 678 2730 homine
700 2674 800 2751 atque
822 2667 858 2730 in
880 2666 993 2731 eodem
1016 2688 1091 2730 vase
1114 2624 1276 2767 manerel

201 2769 461 2858 quodquoniam
483 2776 592 2833 nostro
615 2792 743 2855 quoque
765 2778 893 2834 constat
916 2791 1045 2855 corpore
1068 2777 1192 2833 certum

104 2919 106 2922 .
203 2874 459 2960 dispositumque
482 2872 610 2937 videtur
633 2872 690 2937 ubi
713 2895 780 2937 esse
804 2881 839 2938 et
861 2894 1001 2937 crescere
1024 2872 1124 2958 possit
1256 2887 1316 2956 795

203 2999 326 3042 sorsum
347 2976 456 3040 anima
477 2984 576 3060 atque
598 2976 733 3052 animus,
757 2985 849 3042 tanto
871 2977 975 3063 magis
998 2977 1204 3042 infitiandum

204 3090 310 3146 totum
332 3101 424 3166 posse
447 3087 538 3143 extra
560 3100 675 3164 corpus
696 3079 812 3143 durare
834 3054 1004 3247 genique!
1082 3111 1086 3119 ·

203 3205 310 3270 quare,
332 3204 445 3268 corpus
466 3181 523 3245 ubi
546 3181 680 3258 interiit,
702 3183 836 3267 periisse
859 3205 988 3248 necesse
1006 3192 1020 3246 t

207 3287 378 3354 confiteare
400 3287 541 3351 animam
564 3286 753 3351 distractam
776 3288 963 3373 incorpore
987 3260 1080 3370 total
1277 3354 1278 3357 ,

207 3393 326 3479 quippe
348 3391 469 3456 etenim
491 3391 628 3455 mortale
650 3400 782 3456 aeterno
804 3392 939 3478 iungere
964 3401 998 3456 et
1021 3414 1087 3456 una
1260 3393 1325 3456 800

207 3494 386 3560 consentire
409 3502 522 3579 putare
548 3501 582 3557 et
605 3494 697 3580 fungi
720 3505 836 3559 mutua
857 3517 949 3580 posse

206 3599 399 3684 desiperest3
428 3598 506 3682 quid
530 3597 617 3661 enim
640 3597 798 3663 diversius
820 3621 890 3664 esse
913 3599 1131 3685 putandumst

122 3774 182 3820 olto.
216 3771 281 3817 salso
295 3767 374 3817 Lech.
394 3743 501 3816 because
518 3769 583 3816 sebo
601 3767 623 3816 is
641 3767 722 3818 found
737 3768 766 3816 in
784 3769 828 3818 the
844 3769 981 3832 repetition
999 3770 1027 3818 of
1043 3769 1096 3818 this
1111 3782 1218 3831 passage
1234 3784 1251 3817 v
1266 3769 1326 3817 128:

124 3853 169 3902 but
181 3866 209 3900 as
219 3851 294 3899 Lucr.
308 3865 336 3899 so
348 3849 420 3899 often
431 3849 512 3898 varies
530 3849 556 3898 in
574 3850 638 3898 such
653 3850 748 3913 points,
765 3851 778 3898 Ι
793 3855 890 3901 cannot
906 3850 980 3913 bring
999 3851 1091 3914 myself
1108 3855 1134 3900 to
1151 3850 1243 3912 depart
1262 3850 1328 3899 from

124 3934 167 3983 the
178 3949 239 3982 mss.
370 3933 417 3982 789
430 3933 534 3993 {evigiler
546 3931 636 3983 Lamb.
650 3933 731 3982 Lach.
765 3935 862 3995 longius
874 3933 909 3982 all
921 3933 1059 3982 msshere
1070 3933 1122 3982 and
1134 3949 1150 3981 v
1161 3934 1223 3982 133:
1242 3947 1325 3995 comp.

124 4016 179 4067 676.
306 4014 434 4066 790-793
445 4027 487 4062 are
499 4014 616 4076 repeated
628 4030 643 4063 v
656 4016 784 4066 134-137
797 4014 906 4064 without
919 4015 962 4064 the
974 4018 1037 4064 mss.
1050 4015 1168 4076 differing
1179 4014 1207 4063 in
1219 4029 1235 4063 a
1249 4014 1331 4075 single

126 4099 209 4148 letter.
242 4096 255 4144 I
278 4096 363 4146 fletter
382 4095 475 4157 myself
489 4094 502 4142 I
519 4094 584 4144 have
601 4096 674 4145 made
691 4095 735 4145 the
751 4111 859 4159 passage
875 4097 943 4146 clear
959 4096 993 4159 by
1010 4112 1026 4146 a
1042 4099 1139 4145 correct
1155 4095 1329 4159 punctuation

127 4179 234 4230 without
249 4178 293 4228 the
307 4177 405 4240 change
420 4177 448 4225 ol
463 4191 478 4224 a
493 4176 575 4225 word:
595 4179 643 4228 790
656 4185 739 4241 posset
754 4181 819 4227 enim
834 4181 910 4227 nutlto
925 4181 997 4241 priris
1013 4179 1026 4225 1
1042 4177 1142 4226 enolose
1156 4176 1185 4225 in
1201 4176 1326 4238 brackets,

127 4263 178 4312 and
189 4261 263 4324 begin
276 4260 320 4310 the
332 4258 452 4322 epodosis
463 4263 490 4307 at
502 4260 598 4307 soleret.
632 4258 712 4308 Laeh.
728 4260 789 4308 here
803 4260 855 4309 and
870 4259 898 4308 in
911 4274 926 4308 v
937 4258 1011 4308 reads
1031 4261 1098 4320 Quid
1113 4263 1135 4308 si
1149 4266 1231 4322 posset
1248 4263 1332 4309 eninr?

127 4347 210 4394 rnaetlto.
244 4345 308 4393 Mar.
320 4342 378 4391 Ald.
395 4343 407 4389 1
420 4341 494 4390 Junt.
508 4340 575 4402 vulg.
590 4340 645 4402 give
659 4343 713 4391 Hoc
725 4344 749 4390 st
758 4350 840 4404 posset
852 4345 924 4400 enim,
937 4344 1021 4390 multo.
1172 4341 1220 4390 800
1231 4345 1334 4391 nwrtale

1141 4446 1248 4508 10-2
