3008 4800
713 208 762 272 IV

227 372 367 457 denique
389 395 464 436 cum
486 371 578 434 suavi
600 369 749 435 devinxit
773 371 919 435 membra
940 392 1053 455 sopore

228 498 358 541 somnus
380 483 415 539 et
437 475 472 538 in
493 496 622 538 summa
642 495 758 559 corpus
781 473 866 537 iacet
888 495 983 538 omne
1005 473 1124 557 quiete,

229 590 301 644 tum
323 579 457 664 vigilare
480 586 591 641 tamen
614 576 707 640 nobis
730 585 764 640 et
788 575 935 640 membra
956 597 1085 640 movere

228 690 337 745 nostra
358 680 514 756 videmur,
537 687 572 743 et
594 678 629 742 in
650 677 755 742 noctis
777 677 915 761 caligine
938 700 1032 741 caeca

229 804 357 848 cernere
380 803 548 845 censemus
571 780 672 844 solem
695 779 871 864 lumenque
895 779 1050 843 diurnum

229 886 441 970 conclusoque
464 884 531 948 loco
553 883 678 948 caelum
703 904 792 947 mare
814 882 951 946 flumina
973 881 1093 947 montis

229 995 355 1052 mutare
378 994 413 1050 et
435 1007 564 1070 campos
586 985 724 1070 pedibus
746 976 885 1048 transire
908 984 1067 1060 videmur,

230 1100 264 1155 et
285 1091 411 1155 sonitus
432 1089 555 1167 audire,
578 1111 691 1154 severa
712 1089 845 1153 silentia
867 1088 972 1152 noctis

228 1193 371 1279 undique
392 1215 467 1258 cum
489 1200 648 1269 constent,
670 1200 704 1256 et
725 1190 860 1256 reddere
882 1191 971 1255 diota
996 1198 1152 1255 tacentes.

229 1306 337 1363 cetera
358 1297 399 1362 de
421 1317 540 1383 genere
563 1295 623 1360 hoc
645 1295 804 1360 miracula
826 1295 932 1359 multa
954 1294 1110 1370 videmus,

230 1421 311 1485 quae
334 1399 452 1464 violare
474 1398 573 1462 fidem
596 1396 690 1482 quasi
712 1396 861 1462 sensibus
883 1397 992 1461 omnia
1014 1404 1182 1482 quaerunt,

230 1502 436 1588 nequiquam,
458 1500 612 1586 quoniam
634 1522 710 1585 pars
732 1499 849 1564 horum
872 1500 1016 1563 maxima
1038 1499 1121 1564 fallit

229 1615 359 1691 propter
380 1605 532 1690 opinatus
554 1604 657 1668 animi
679 1626 760 1690 quos
782 1603 934 1669 addimus
956 1603 1027 1690 ipsi,

230 1709 386 1795 provisis
408 1717 447 1772 ut
469 1708 535 1773 sint
557 1730 641 1794 quae
664 1731 730 1773 non
752 1716 830 1773 sunt
852 1709 992 1774 sensibu'
1015 1691 1132 1876 visa}m

229 1836 306 1877 nam
327 1812 373 1875 nil
396 1811 525 1898 aegrius
546 1819 597 1875 est
619 1833 718 1897 quam
740 1834 792 1877 res
814 1834 980 1877 secernere
1002 1822 1097 1898 apert

229 1916 270 1979 ab
293 1915 410 1991 dubiis,
432 1914 560 1978 animus
582 1936 664 1999 quas
686 1915 728 1979 ab
751 1937 786 1980 se
807 1916 958 2000 protinus
980 1888 1094 2011 additl

274 2018 423 2102 Denique
445 2017 493 2080 nil
515 2017 589 2081 sciri
611 2017 713 2103 siquis
735 2026 842 2103 putat,
864 2018 900 2083 id
923 2040 1051 2104 quoque
1072 2018 1174 2083 nescit

230 2143 272 2184 an
294 2121 368 2184 sciri
390 2119 501 2205 possit,
522 2119 676 2205 quoniam
698 2120 747 2184 nil
768 2119 850 2185 scire
873 2116 1019 2204 fatebunl

231 2225 318 2289 hunc
339 2225 443 2311 igitur
463 2232 576 2288 contra
597 2225 730 2288 mittam
753 2225 948 2289 contendere
970 2247 1110 2300 oausam,

231 2328 288 2412 qui
310 2327 417 2412 capite
439 2326 508 2411 ipse
530 2348 589 2390 sua
611 2327 647 2390 in
669 2327 788 2391 statuit
810 2327 950 2414 vestigia
971 2308 1069 2424 sesel

232 2438 266 2494 et
288 2439 398 2494 tamen
421 2429 481 2492 hoc
502 2450 632 2514 quoque
654 2429 706 2493 uti
728 2429 903 2494 concedam
926 2429 1015 2506 scire,
1037 2437 1074 2493 at
1096 2428 1130 2493 id
1152 2428 1258 2515 ipsum

232 2556 393 2618 quaeram,
416 2555 489 2597 cum
512 2532 548 2596 in
568 2533 666 2598 rebus
688 2533 758 2597 veri
781 2533 827 2597 nil
849 2534 970 2599 viderit
992 2542 1080 2609 ante,
1337 2611 1339 2616 ,

232 2635 317 2699 unde
339 2635 421 2700 sciat
443 2635 522 2720 quid
544 2634 588 2699 sit
610 2635 691 2699 scire
713 2645 748 2700 et
771 2635 895 2700 nescire
917 2635 1070 2713 vicissim,
1285 2650 1346 2716 475

233 2737 384 2802 notitiam
405 2725 474 2801 veri
496 2759 579 2822 quae
602 2759 653 2802 res
676 2738 813 2823 falsique
835 2738 953 2803 crearit

235 2848 269 2904 et
291 2840 428 2904 dubium
450 2847 538 2904 certo
560 2862 643 2925 quae
666 2862 717 2904 res
739 2840 868 2905 differre
891 2832 1062 2932 probarit}

234 2943 377 3008 invenies
399 2943 512 3027 primis
533 2943 575 3007 ab
598 2943 747 3008 sensibus
770 2966 839 3009 esse
862 2952 1004 3008 creatam

234 3046 385 3110 notitiem
407 3047 475 3110 veri
497 3068 603 3132 neque
626 3069 741 3112 sensus
762 3069 856 3133 posse
878 3047 990 3112 refelli.

233 3173 309 3214 nam
332 3149 451 3214 maiore
473 3149 537 3214 fide
559 3149 658 3215 debet
680 3151 852 3236 reperirier
873 3151 965 3229 illud,

233 3265 347 3341 sponte
368 3277 428 3318 sua
451 3254 534 3319 veris
556 3255 643 3339 quod
666 3254 769 3340 possit
791 3255 919 3320 vincere
942 3245 1048 3347 falsa}

233 3360 311 3444 quid
334 3359 452 3422 maiore
476 3358 539 3422 fide
561 3381 655 3444 porro
678 3381 778 3444 quarn
801 3381 913 3424 sensus
936 3359 1048 3424 haberi

234 3462 355 3526 debet?
385 3485 427 3525 an
449 3462 491 3525 ab
514 3484 610 3526 sensu
634 3464 714 3528 falso
737 3464 821 3528 ratio
844 3473 915 3528 orta
937 3463 1058 3528 valebit

234 3566 338 3630 dicere
361 3588 415 3629 eos
438 3574 558 3642 contra,
581 3589 664 3652 quae
687 3575 760 3631 tota
781 3568 823 3632 ab
846 3568 993 3632 sensibus
1016 3575 1088 3631 orta
1109 3544 1199 3663 estl'

150 3792 198 3833 tur.
296 3783 545 3834 reomensem.
556 3782 627 3832 Flor.
640 3786 672 3832 31
685 3784 775 3833 Camb.
788 3784 863 3834 Pont.
876 3784 942 3833 Mar.
956 3784 1103 3834 tormentis.
1171 3785 1352 3836 462miraculc

149 3867 198 3919 Ed.
212 3868 251 3917 for
268 3869 395 3916 mirande:
413 3867 488 3915 ocula
504 3879 556 3913 was
573 3863 699 3926 probably
716 3864 841 3914 absorbed
858 3863 887 3913 in
905 3867 983 3913 waratto
1000 3865 1053 3914 and
1069 3866 1113 3915 the
1130 3867 1198 3916 word
1211 3868 1352 3929 completed

150 3951 215 4000 from
231 3951 288 4001 419.
323 3951 438 3999 mirando
455 3949 523 3997 Flor.
542 3949 572 3996 31
591 3948 650 3997 Vat.
669 3948 733 3996 1136
750 3947 845 3997 Othob.
863 3948 929 3997 Mar.
947 3948 987 3997 for
1003 3950 1123 3998 mirande.
1157 3951 1255 3999 miracla'
1272 3950 1351 4000 Lacb.

148 4032 208 4082 here
219 4047 248 4082 as
259 4034 315 4084 419.
430 4032 478 4082 467
489 4033 590 4094 ueprius
602 4039 647 4079 cat.
681 4030 760 4080 Later
770 4046 833 4079 mss.
845 4029 898 4080 and
910 4030 961 4080 old.
973 4029 1025 4098 eds.
1037 4030 1093 4080 also
1105 4031 1179 4080 Pont.
1192 4031 1255 4081 Mar.
1268 4032 1351 4082 Aldl
1448 4075 1450 4081 .

133 4115 222 4165 ‘June
239 4115 329 4164 Lamb.
346 4117 394 4164 eto.
411 4116 533 4175 cyrenius,
551 4112 683 4175 absurdly.
794 4111 842 4161 468
859 4113 934 4161 addit
949 4112 973 4160 A
989 4111 1059 4161 Nico.
1077 4113 1167 4162 Gamb.
1179 4116 1194 4161 2
1205 4114 1262 4165 Vat.
1276 4115 1349 4169 Junt.

151 4198 252 4248 Creeeh.
286 4199 358 4247 abdit
370 4198 391 4246 B
402 4197 471 4246 Flor.
484 4198 515 4244 31
528 4197 543 4244 3
555 4196 612 4246 Vat.
628 4196 705 4244 Pont.
717 4195 783 4244 Mar.
795 4193 853 4244 Ald.
867 4195 880 4242 1
893 4193 985 4244 Lamb.
996 4194 1071 4244 Wak.
1085 4197 1191 4247 without
1203 4200 1330 4264 meaning.

181 4281 229 4331 471
240 4283 338 4329 mittam
350 4280 415 4328 Mar.
427 4279 485 4328 Ald.
499 4280 513 4326 1
524 4279 540 4327 J
543 4281 599 4327 unt.
612 4278 652 4327 for
662 4280 778 4327 mituam.
871 4277 920 4328 472
931 4293 978 4326 aaa
989 4279 1119 4328 intentarit
1131 4280 1209 4330 Lech.
1221 4284 1261 4331 lor
1271 4300 1315 4334 suo
1326 4288 1355 4335 in

126 4378 129 4385 ·
148 4364 248 4412 statuit.
346 4360 394 4411 479
406 4347 491 4409 remur
503 4359 568 4410 Mar.
582 4359 656 4408 «lunt.
670 4359 710 4408 lor
720 4373 802 4411 senat.
903 4359 952 4408 486
960 4366 1079 4423 poterant
1090 4361 1157 4413 Flor.
1172 4366 1203 4413 31
1216 4365 1303 4417 Camb.
1315 4367 1355 4418 for
