3008 4800
190 183 250 258 146
758 182 813 247 111

270 364 409 408 conexae
432 365 537 430 neque
559 365 732 409 consensus
753 343 903 431 contegis
925 323 1035 434 fientl

314 446 465 532 Denique
487 447 647 512 cursoris
670 447 824 512 violentia
847 447 941 512 triste
964 448 1092 513 leonum

270 548 444 613 seminium
466 549 621 635 sequitur,
645 551 754 636 volpes
776 550 877 627 dolus,
899 559 934 614 et
956 552 1033 637 fuge
1054 573 1171 628 cervos,

276 671 296 708 n
319 669 467 712 recursus
488 670 593 712 nurus
616 670 654 711 m
674 671 695 711 s
716 671 844 713 surmus
867 671 966 714 mvos
986 673 1109 716 ruorrsr
1129 673 1227 716 rurus

271 762 305 814 et
328 750 393 814 iam
416 759 524 815 cetera
546 750 586 815 de
609 772 727 838 genere
750 751 809 815 hoc
830 774 888 815 cur
910 754 1018 816 omnia
1040 754 1193 818 membris

271 875 310 917 ex
334 853 471 918 ineunte
492 875 572 918 sevo
594 862 807 941 generascunt
830 854 1034 942 ingenioque,

268 957 296 1021 si
319 979 392 1034 non,
414 965 503 1021 certa
524 978 583 1022 suo
595 956 683 1043 ‘quis
703 957 824 1020 semine
847 957 1046 1043 seminioque

268 1060 317 1124 vis
340 1059 442 1124 enimi
463 1061 586 1146 pariter
607 1059 721 1125 crescit
742 1081 815 1124 oum
838 1082 968 1145 corpore
992 1065 1084 1126 toto?

268 1161 355 1248 quod
377 1161 406 1226 si
427 1160 608 1226 inmortalis
630 1162 712 1225 foret
733 1167 768 1226 et
790 1169 918 1227 mutare
940 1162 1057 1227 soleret

266 1286 408 1349 corporo,
430 1263 600 1349 permixtis
622 1263 803 1328 animantes
825 1265 970 1331 moribus
992 1279 1110 1344 essent,

267 1369 427 1455 effugeret
449 1367 538 1432 cenis
559 1366 711 1452 Hyrcano
733 1367 773 1432 de
795 1368 918 1433 semine
939 1391 1035 1455 saepe

268 1469 426 1557 cornigeri
449 1469 613 1533 incursum
637 1469 722 1534 cervi
743 1478 961 1556 tremeretque
983 1495 1041 1558 per
1063 1495 1160 1538 euros

265 1574 349 1639 aeris
371 1574 528 1660 accipiter
549 1574 677 1660 fugiens
698 1574 849 1639 veniente
872 1576 1028 1654 columba,

265 1678 453 1764 desiperent
474 1678 628 1753 homines,
651 1685 800 1764 superent
823 1679 890 1744 fers
911 1680 1015 1765 sescla
1037 1647 1203 1802 ferarum!

265 1781 348 1846 illud
370 1782 457 1847 enim
479 1783 560 1846 false
582 1783 685 1847 fertur
705 1783 837 1861 ratione,
859 1784 947 1870 quod
969 1785 1062 1850 aiunt

266 1885 474 1951 inmortalem
496 1885 639 1950 anirnsm
661 1893 787 1950 mutato
809 1909 938 1972 corpore
961 1877 1073 1995 flecti}

265 1989 353 2075 quod
376 1998 526 2055 mutatur
547 1990 635 2055 enim
657 1989 853 2069 dissolvitur,
875 1992 989 2057 interit
1011 2015 1106 2080 ergo;

265 2077 571 2158 traiciuntur''enim
594 2102 703 2178 partes
724 2101 823 2180 atque
846 2095 957 2160 ordine
979 2096 1138 2182 migrant3

265 2218 365 2281 quare
388 2196 522 2263 dissolui
544 2219 672 2282 quoque
694 2197 814 2262 debent
836 2220 928 2284 posse
949 2221 1008 2285 per
1029 2208 1128 2277 artus,

264 2299 407 2386 denique
429 2309 468 2365 ut
490 2300 654 2364 intereant
676 2307 837 2365 unacum
859 2323 989 2387 corpore
1011 2285 1178 2419 cunctae}

265 2404 316 2469 sin
339 2404 465 2468 animes
487 2403 655 2468 hominum
677 2403 786 2469 dicent
808 2405 844 2469 in
865 2427 996 2491 corpore
1017 2427 1145 2492 semper

264 2509 311 2573 ire
334 2509 486 2585 humens,
509 2517 621 2572 tamen
643 2531 794 2594 quaeram
816 2531 873 2574 cur
895 2531 914 2573 e
935 2509 1075 2596 sepienti

266 2615 369 2679 stulte
392 2621 492 2699 queat
514 2613 594 2690 fieri,
617 2635 676 2678 nec
698 2611 839 2699 prudens
861 2613 905 2678 sit
926 2636 1007 2699 puer
1029 2613 1114 2678 ullus

265 2742 325 2784 nec
347 2727 416 2783 tam
440 2718 555 2784 doctus
577 2740 679 2803 equae
701 2717 809 2803 pullus
831 2740 930 2803 quam
953 2718 1044 2782 fortis
1066 2718 1142 2804 equi
1164 2691 1232 2832 vis!

265 2825 387 2890 scilicet
409 2825 444 2889 in
467 2833 579 2889 tenero
601 2832 798 2889 tenerescere
820 2846 949 2909 corpore
973 2834 1116 2888 mentem

264 2915 477 3026 confugient]
505 2926 590 3012 quod
613 2927 641 2991 si
662 2926 727 2990 iem
750 2926 797 3003 fit,
819 2927 940 2990 fateare
962 2934 1121 2990 necessest

264 3028 436 3093 mortalem
459 3049 527 3091 esse
549 3027 700 3102 animam,
725 3027 876 3112 quoniam
899 3036 1028 3092 mutate
1050 3049 1106 3112 per
1128 3035 1219 3091 artus

263 3142 356 3197 tanto
380 3153 475 3216 opere
498 3130 624 3194 amittit
646 3131 747 3194 vitam
769 3153 963 3217 sensumque
985 3109 1152 3253 priorem!

264 3258 368 3322 quove
391 3235 486 3300 modo
508 3235 629 3321 poterit
651 3236 772 3320 pariter
794 3258 867 3301 cum
890 3258 1020 3320 corpore
1041 3257 1169 3320 quoque

262 3339 452 3403 confirmato
474 3340 622 3425 cupitum
645 3339 763 3405 aetatis
786 3348 918 3425 tangere
939 3338 1050 3402 florem
1318 3353 1383 3418 770

172 3520 269 3572 litteris
279 3517 391 3568 nimium
402 3517 540 3568 recederc‘.
647 3517 833 3566 ⁷40corureuuu
844 3514 925 3564 Lech.
938 3513 1112 3564 forconseusu.
1225 3514 1273 3563 743
1285 3511 1383 3575 rightly

175 3601 284 3668 rejected
300 3601 336 3664 by
349 3599 431 3649 Lech.
447 3598 500 3649 end
514 3599 601 3649 before
615 3597 671 3648 him
687 3596 751 3660 bys
769 3596 875 3645 ‘doctus
890 3593 1006 3657 quidem’
1018 3608 1058 3656 sp.
1073 3593 1164 3643 bamb.
1183 3608 1212 3643 us
1228 3609 1243 3643 s
1259 3592 1383 3643 manifest

175 3684 299 3738 sercsstic
315 3683 393 3746 gloss,
410 3680 495 3730 which
513 3681 655 3744 interrupte
672 3694 745 3729 sense
761 3678 813 3728 end
829 3676 1020 3727 construction:
1038 3676 1102 3723 Ven.
1120 3674 1178 3723 Ald.
1198 3676 1221 3733 1,
1240 3678 1288 3724 not
1304 3675 1380 3725 Pont.

176 3769 239 3818 Mur.
254 3782 284 3817 or
295 3766 376 3822 June..
388 3763 450 3812 read
458 3765 538 3812 cervis
550 3761 590 3811 for
600 3777 692 3811 cervos.
726 3759 816 3809 Lumb.
831 3760 898 3807 dolu‘
910 3758 1025 3820 vulpibus
1037 3756 1101 3805 elso.
1228 3756 1276 3807 747
1288 3763 1339 3806 toto
1350 3756 1382 3813 B,

177 3867 273 3916 quoquc
285 3851 308 3898 A
319 3848 371 3899 end
386 3848 422 3897 all
436 3846 510 3897 other
525 3861 587 3895 mss.
603 3845 656 3895 ond
671 3844 713 3894 old
728 3843 780 3894 eds,
815 3849 880 3893 ‘toto
895 3839 1013 3903 praetuli,
1028 3840 1090 3900 quie
1105 3853 1159 3888 non
1174 3852 1282 3901 possum
1297 3837 1380 3923 ullum

175 3937 259 3984 ortem
281 3943 418 3994 agnoscere
439 3928 468 3976 in
491 3927 571 3976 simili
587 3927 636 3976 hoc
653 3925 733 3976 trium
749 3923 933 3974 versiculorum
949 3921 1027 3978 exitu,
1045 3923 1201 3982 inpositoque,
1221 3922 1380 3983 seminioque,

174 4030 276 4078 corpore
298 4028 401 4077 quoquc.
436 4026 489 4060 non
511 4013 597 4073 potest
614 4011 701 4057 eutem
718 4004 831 4056 dubitari
849 4004 913 4067 quin
929 4007 1037 4063 utreque
1055 4001 1183 4063 scripture
1200 4001 1279 4050 fuerit
1296 4001 1324 4050 in
1341 4017 1380 4051 er-

176 4094 391 4160 chetypo’Lsch.
426 4091 516 4142 Lemb.
529 4091 584 4141 elso
595 4089 644 4139 has
656 4097 720 4138 toto:
738 4102 833 4150 quoquc
845 4083 1034 4145 seemssgloss
1045 4083 1111 4131 from
1124 4081 1180 4132 769.
1281 4081 1329 4132 760
1340 4085 1382 4130 siu

174 4180 249 4229 Pont.
262 4178 326 4228 Mer.
339 4175 398 4226 Ald.
414 4177 428 4224 1
443 4175 517 4224 Junt.
534 4174 573 4222 for
587 4176 633 4222 sic.
667 4185 770 4233 corporo
784 4170 805 4217 B
821 4182 885 4217 corr.
902 4171 951 4215 eto.
967 4166 1006 4215 for
1021 4178 1131 4227 corpore.
1231 4164 1379 4215 763=7462

173 4263 203 4312 ol
223 4274 313 4311 course
335 4274 351 4308 s
367 4258 444 4321 gloss,
465 4254 528 4306 with
545 4269 579 4304 no
596 4252 740 4304 connexion
757 4249 820 4299 with
836 4248 881 4298 the
898 4252 960 4298 text.
995 4246 1071 4295 Bem.
1088 4242 1205 4293 includes
1223 4245 1271 4294 764
1288 4245 1318 4294 in
1335 4247 1381 4296 the

173 4346 250 4408 gloss,
270 4342 298 4391 in
315 4355 360 4402 my
377 4338 484 4402 opinion
501 4342 548 4386 not
564 4335 667 4398 rightly.
773 4332 821 4384 764
833 4330 921 4395 pullu
936 4326 1007 4377 Nico.
1024 4327 1065 4377 lor
1077 4325 1180 4389 poclm·
1287 4327 1335 4376 784
1352 4329 1382 4377 in
