3008 4800
778 166 815 229 ΙΙ

276 283 430 389 subsidiis
453 325 595 439 magnis
603 336 637 411 et
660 323 754 390 ecum
777 326 810 389 vi
831 312 1081 405 'constabilitas

276 433 480 512 ornatasque
487 427 585 491 armis
583 407 736 492 statuas
758 428 942 538 pariterque
965 431 1133 506 animatas,

277 530 327 593 his
350 531 412 595 tibi
435 541 509 595 tum
531 532 627 595 rebus
650 520 837 598 timefactae
859 534 1029 621 religiones

276 638 440 725 effugiunt
462 639 571 703 animo
593 639 727 723 pavide;
757 640 934 726 mortisque
957 641 1087 706 timores

277 749 349 815 tum
372 764 510 806 vacuum
534 749 649 827 pectus
672 724 799 807 lincunt
821 765 961 828 curaque
983 744 1134 821 solutum,

262 846 399 909 vfervere
422 867 498 909 oum
520 844 630 909 videas
652 845 785 910 classem
784 846 938 947 lateque
960 829 1090 1012 vagari}

277 947 412 1033 quod
386 969 415 1011 ιι
436 947 574 1013 ridicula
596 947 675 1012 haec
698 926 902 1032 ludibriaque
924 969 993 1012 esse
1015 948 1071 1012 vid
1090 971 1170 1023 mus,
1257 1020 1259 1024 ,

276 1071 311 1113 ιι
335 1071 475 1135 veraque
499 1059 606 1114 metus
628 1050 798 1115 hominum
820 1072 979 1136 curaeque
1000 1045 1212 1136 sequaces?

278 1174 337 1216 nee
360 1161 515 1217 metuunt
536 1153 662 1217 sonitus
684 1175 846 1217 armorum
869 1153 1017 1217 necleta
1039 1153 1107 1260 tela
1248 1198 1272 1242 (ι

277 1256 497 1342 audacterque
519 1257 606 1320 inter
627 1278 730 1364 reges·
736 1278 914 1374 perumque
935 1239 1107 1346 potentis

261 1340 450 1424 ¹versantur
471 1381 577 1444 neque
600 1345 758 1445 fulgorem
780 1347 969 1425 ιιιιιιιιιιιι
989 1360 1031 1424 ab
1052 1351 1130 1424 auro

276 1485 337 1527 nec
359 1463 483 1527 clarum
505 1463 604 1527 vestis
625 1461 829 1588 splendorem
850 1464 1032 1549 purpurati,

277 1565 357 1651 quid
379 1566 513 1630 dubitas
535 1565 615 1650 quin
637 1564 734 1628 omni'
758 1564 801 1629 sit
824 1565 903 1631 haec
924 1566 1051 1632 rationi'
1072 1567 1269 1653 potestas?

277 1669 382 1733 omnis
404 1691 480 1732 cum
503 1668 537 1732 in
559 1668 703 1733 tenebris
725 1669 914 1753 praesertim
937 1671 1006 1735 vita
1027 1651 1175 1786 laboret}

166 1849 170 1856 Ι
277 1794 354 1835 nam
377 1772 482 1835 veluti
503 1770 598 1857 pueri
620 1771 787 1888 trepidant
810 1781 909 1857 atque
931 1773 1040 1837 omnia
1061 1774 1162 1838 caecis
1359 1789 1396 1855 55

277 1876 312 1940 in
335 1875 478 1940 tenebris
495 1882 665 1971 metuunt,
686 1875 732 1940 ιιι
754 1897 813 1940 nos
834 1876 870 1940 in
891 1877 962 1942 luce
985 1877 1139 1942 timemus

186 2052 189 2063 1
278 1965 454 2056 interdum,
476 1957 543 2044 nilo
565 2001 649 2066 quae
671 1988 749 2044 sunt
771 1981 948 2046 metuenda
968 1983 1072 2068 magis
1094 2004 1191 2068 quam

274 2105 362 2169 'quae
384 2084 479 2169 pueri
502 2083 537 2147 in
558 2083 703 2148 tenebris
724 2085 875 2200 pauitant
895 2084 1089 2171 finguntque
1112 2087 1229 2150 futura.
1244 2056 1250 2199 ι

279 2187 366 2251 hunc
388 2187 491 2302 igitur
513 2196 665 2251 terrorem
690 2187 793 2252 animi
814 2174 1038 2292 tenebrasque
1049 2192 1209 2254 necessest

278 2312 343 2353 non
361 2276 460 2405 radp
471 2290 547 2353 solis
568 2311 675 2374 neque
697 2289 805 2399 lucida
827 2264 894 2374 tela
915 2289 982 2356 diei
1356 2291 1402 2355 60

279 2358 469 2470 discutiant,
492 2392 549 2458 sed
570 2401 707 2458 naturae
730 2377 853 2479 ιριιιιι
874 2394 1028 2479 ratioque.
1043 2375 1048 2495 ι

323 2497 423 2560 Nune
445 2518 517 2583 age,
538 2518 602 2613 quo
625 2506 717 2561 motu
739 2496 897 2583 genitalia
918 2496 1067 2560 materiai

278 2623 410 2687 corpora
432 2623 484 2666 res
506 2601 610 2666 varias
631 2601 770 2687 gignant
791 2601 982 2688 genitasque
1005 2600 1166 2665 resolvant

194 2853 276 2901 oomp.
302 2838 384 2888 Lech.
408 2842 436 2887 to
459 2852 487 2886 ιι
509 2839 566 2898 283,
591 2836 643 2886 and
670 2839 792 2886 statuam
821 2837 860 2885 for
886 2843 998 2886 statuum
1025 2835 1054 2885 in
1081 2836 1160 2886 Orelli
1187 2835 1305 2898 inscript.
1330 2836 1403 2886 1120.

194 2921 308 2986 Βιιιιιιιι
337 2919 413 2968 Luor.
436 2934 453 2968 ι
482 2920 545 2970 1227
573 2918 622 2968 hae
649 2919 856 2980 induperatorem
882 2919 970 2967 classis
997 2934 1071 2981 super
1097 2934 1206 2982 aequora
1233 2921 1312 2968 verrit
1341 2921 1404 2968 (lum

168 3025 170 3029 ·
193 3003 287 3050 ualidis
302 3003 403 3063 pariter
420 3001 558 3062 lepioutlus
578 3007 653 3062 atque
673 3001 823 3062 elephantie,
841 2996 920 3047 Laeli.
937 3012 998 3060 says
1015 3003 1139 3060 ‘apparet
1158 2998 1220 3047 haec
1239 2997 1277 3046 ita
1296 2995 1404 3058 legenda

194 3097 256 3143 esse,
282 3084 410 3132 subsidiis
438 3084 583 3144 myrtisque
604 3081 745 3144 elephantie
772 3080 955 3139 comtulilitau
983 3079 1091 3130 Ornatas
1114 3083 1200 3140 armis,
1223 3081 1333 3142 validus,
1355 3095 1403 3143 pa-

194 3168 304 3227 riterque
327 3163 478 3214 unimutus’.
523 3163 579 3212 ‘me
601 3161 752 3226 apparetis
774 3160 903 3224 anything
925 3161 1060 3211 bntolear
1083 3166 1111 3212 to
1133 3177 1181 3212 me.
1227 3163 1304 3211 Bern.
1327 3161 1403 3212 reads

196 3248 305 3296 hastatis
322 3246 362 3295 ior
379 3248 484 3309 eptem-i,
500 3248 602 3309 pariter
617 3245 657 3294 for
672 3247 792 3294 ituetuus.
826 3244 874 3293 See
891 3243 970 3293 lauh.
982 3258 1016 3293 on
1033 3243 1079 3293 the
1095 3259 1150 3307 way
1165 3243 1237 3294 these
1253 3248 1304 3294 two
1320 3258 1405 3294 ιιιιιι

195 3342 239 3377 ιιι
261 3327 362 3376 written
385 3327 414 3375 in
434 3328 497 3376 AB:
525 3326 596 3376 Nico.
616 3325 694 3375 omits
717 3324 807 3376 thern:
835 3325 901 3374 later
922 3340 984 3374 ιιιιι.
1007 3321 1084 3374 ιιιοι.4
1099 3327 1130 3375 31
1154 3326 1243 3375 camb.
1264 3331 1312 3376 ete.
1336 3329 1404 3376 treet

196 3409 267 3460 them
287 3424 316 3458 as
336 3424 352 3458 a
370 3409 500 3472 heading:
523 3409 568 3458 the
585 3407 629 3458 old
644 3407 698 3457 eds.
717 3410 743 3457 to
760 3407 818 3456 Ald.
837 3408 850 3455 1
868 3406 921 3456 and
936 3407 1000 3456 Pius
1016 3408 1141 3457 inolusive
1160 3408 1225 3458 have
1245 3409 1318 3458 them
1337 3410 1404 3458 vari-

195 3491 429 3554 ouslyeorrupted,
460 3490 603 3540 luntfirat
620 3489 699 3539 omits
716 3489 789 3539 them
806 3488 834 3538 in
851 3493 906 3539 text
922 3488 985 3538 nith
1000 3489 1054 3539 this
1071 3494 1132 3540 note
1148 3495 1176 3539 at
1192 3490 1250 3548 end,
1263 3493 1405 3541 ‘subsidiis
1478 3528 1480 3533 .

195 3576 292 3636 ιιαριιίι
303 3575 413 3635 Epicuri
424 3574 608 3622 emutalilitaa.
643 3571 770 3621 Marullus
785 3585 890 3620 tarmen
905 3570 954 3620 hoo
968 3573 1100 3633 expungit.
1134 3573 1201 3621 Nam
1216 3572 1289 3630 illud,
1301 3581 1405 3622 uniatur

196 3659 273 3705 ornus
292 3663 400 3712 statuae.
421 3656 575 3716 stantemque
594 3655 731 3712 animatas,
749 3652 934 3714 proculdubio
955 3653 1122 3704 subditioium
1140 3656 1208 3704 est':
1230 3655 1283 3705 and
1303 3655 1331 3704 in
1347 3655 1404 3704 eod.

196 3737 292 3787 Victor.
312 3737 439 3786 Marullus
458 3735 521 3785 does
539 3749 655 3797 expunge
674 3734 756 3784 them.
790 3735 832 3784 All
851 3735 1005 3797 subsequent
1021 3735 1074 3786 eds,
1093 3736 1178 3786 before
1197 3736 1276 3788 Laoln
1295 3736 1405 3787 omitted

196 3818 276 3880 them,
295 3821 385 3880 except
402 3817 455 3866 Gil.
468 3817 524 3865 who
541 3816 623 3865 mixes
640 3831 675 3878 up
692 3831 707 3865 a
724 3815 828 3878 portion
845 3817 874 3865 oi
889 3815 961 3865 them
977 3817 1040 3866 with
1056 3832 1072 3867 a
1089 3822 1147 3880 part
1164 3818 1190 3866 ol
1207 3816 1252 3867 the
1267 3818 1320 3867 line
1337 3819 1404 3868 from

198 3900 299 3950 Nonius
316 3899 344 3949 in
361 3899 416 3949 this
433 3897 546 3955 iashion‚
563 3900 670 3947 Emere
687 3913 742 3947 eum
759 3900 846 3947 uideas
854 3918 864 3956 ,·
886 3901 989 3948 classem
1006 3901 1103 3963 lateque
1119 3903 1218 3961 vapori,
1236 3902 1405 3963 Οιιιιιιαιιᾳιιι

196 3983 273 4030 armti
293 3982 353 4030 belli
375 3981 512 4028 simulacra
534 3981 646 4027 cientem.
686 3977 780 4028 Lamb.
797 3977 838 4026 ιιι.
856 3980 871 4027 3
892 3978 949 4029 first
970 3979 1041 4041 gives
1064 3979 1109 4029 the
1130 3980 1147 4028 1.
1166 3979 1232 4028 from
1254 3979 1354 4028 Nonius
1376 3981 1405 4028 in

198 4062 253 4112 full.
363 4063 395 4112 46
410 4068 498 4124 pectus
515 4060 605 4110 Lamb.
625 4059 665 4108 for
683 4067 792 4122 tempru:
815 4074 984 4124 aneoessary
1000 4061 1106 4123 change.
1140 4063 1203 4112 Aen.
1223 4062 1282 4111 146
1300 4069 1405 4124 tmpore

198 4144 296 4193 Probus
307 4144 347 4192 lor
355 4151 463 4207 pectore.
566 4143 597 4190 52
605 4144 746 4205 proptereat
758 4142 827 4191 Nioo.
840 4143 880 4192 tor
887 4159 1011 4206 purpura.
1109 4146 1141 4194 53
1156 4144 1221 4193 nar.
1232 4144 1291 4193 Ald.
1304 4146 1318 4192 1
1330 4145 1403 4194 Jnnt.

197 4224 288 4276 hamb.
301 4239 370 4274 ontne
382 4227 416 4274 rit
429 4225 473 4273 hoe
484 4225 592 4272 rationis
608 4231 712 4285 egestus,
724 4224 877 4287 perversely.
1023 4226 1056 4274 tt
1067 4227 1162 4276 laboret
1172 4224 1242 4276 Nion.
1254 4225 1277 4274 B
1287 4239 1352 4275 ιοιι.
1367 4226 1407 4275 ior

196 4308 301 4357 roboret.
438 4306 469 4355 56
481 4308 527 4362 eie,
540 4319 569 4353 ιι
582 4302 610 4352 in
622 4304 697 4353 11188
707 4317 734 4352 ιι
742 4305 787 4355 36.
819 4307 861 4355 itu
871 4305 962 4357 Senon
972 4306 1049 4370 epist.
1062 4307 1117 4367 uo.
1129 4305 1244 4370 showing
1254 4306 1328 4356 what·
1338 4306 1406 4358 little
