3008 4800
738 241 788 304 VI

229 415 266 470 ut
289 429 344 470 vas
366 405 529 469 interdurn
551 426 615 465 non
638 401 711 486 quit
734 409 889 476 constare,
912 399 975 463 nisi
999 422 1091 463 umor

228 510 356 574 destitit
378 510 412 572 in
434 508 533 570 dubio
556 506 658 569 fluctu
682 505 832 567 iactarier
854 477 972 591 intusl

271 613 441 674 Praeterea
462 618 578 672 ventus
600 629 674 670 cum
698 628 756 691 per
778 607 846 668 loca
868 606 1008 669 subcava
1030 614 1135 670 terrae

228 716 379 779 collectus
402 721 493 798 parte
517 735 554 775 ex
579 733 645 773 una
667 710 851 794 procumbit
874 720 908 772 et
931 720 1026 794 urget

227 818 363 882 obnixus
385 816 510 901 magnis
532 815 701 899 speluncas
723 814 847 878 viribus
869 816 960 892 altas,

226 922 386 986 incumbit
408 920 505 984 tellus
527 941 591 1005 quo
614 918 703 982 venti
726 940 827 1002 prona
849 919 969 1002 premit
991 920 1047 986 vis.

231 1034 301 1089 turn
325 1045 440 1109 supera
463 1033 580 1087 terram
604 1044 688 1107 quae
712 1031 790 1086 sunt
812 1031 963 1087 extructa
985 1024 1153 1088 domorum

229 1129 271 1192 ad
293 1128 481 1212 caelumque
503 1127 607 1212 magis
632 1133 754 1211 quanto
778 1134 855 1189 sunt
878 1126 967 1192 edita
989 1150 1145 1213 quaeque,

229 1232 384 1296 inclinata
406 1239 531 1296 tument
554 1231 588 1293 in
611 1229 747 1294 eandem
770 1229 899 1315 prodita
921 1240 1047 1316 partem

229 1347 472 1421 protractaeque
495 1334 602 1398 trabes
625 1334 806 1419 inpendent
827 1335 874 1397 ire
898 1343 1036 1419 paratae.

198 1454 263 1522 set
286 1446 437 1504 metuunt
459 1437 569 1524 magni
591 1445 743 1501 naturam
767 1438 896 1502 credere
920 1438 1034 1502 mundi

229 1543 358 1608 exitiale
380 1542 509 1628 aliquod
532 1550 662 1626 tempus
685 1540 874 1626 clademque
899 1564 1036 1617 manere,

198 1668 303 1722 geum
326 1645 457 1709 videant
480 1653 605 1708 tantam
629 1653 789 1709 terrarum
812 1644 999 1708 incumbere
1023 1611 1183 1720 molemll

230 1748 315 1834 quod
336 1748 399 1812 nisi
421 1748 579 1833 respirent
603 1746 704 1822 venti,
727 1746 775 1810 vis
797 1747 888 1810 nulla
909 1747 1050 1812 refrenet

168 1902 170 1906 »
229 1874 279 1916 res
300 1873 405 1936 neque
428 1851 469 1914 ab
491 1849 591 1914 exitio
614 1849 716 1935 possit
737 1849 973 1933 reprehendere
995 1822 1128 1956 euntisl

229 1977 315 2018 nunc
336 1955 412 2040 quia
434 1954 593 2038 respirant
616 1953 748 2018 alternis
771 1953 869 2039 inque
892 1963 1085 2039 gravescunt

229 2064 263 2119 et
286 2055 377 2140 quasi
399 2055 523 2119 collecti
546 2054 685 2118 redeunt
707 2053 892 2138 ceduntque
915 2054 1044 2138 repulsi,

233 2159 358 2243 saepius
381 2158 464 2222 hanc
486 2158 527 2222 ob
550 2180 617 2222 rem
642 2158 816 2222 minitatur
839 2167 926 2222 terra
947 2158 1056 2222 ruinas

233 2284 329 2347 quam
353 2261 447 2340 facit3
476 2261 652 2325 inclinatur
675 2261 762 2325 enirn
786 2270 937 2346 retroque
961 2262 1084 2327 recellit

231 2375 266 2429 et
287 2365 401 2451 recipit
424 2365 571 2450 prolapsa
593 2387 668 2428 suas
690 2365 725 2428 in
748 2365 889 2449 pondere
912 2344 1025 2460 sedesl

232 2469 290 2533 hac
312 2469 414 2555 igitur
435 2469 560 2533 ratione
583 2468 736 2532 vacillant
759 2469 868 2532 omnia
891 2478 986 2546 tecta,
1292 2488 1349 2554 575

232 2593 357 2635 summa
379 2571 481 2656 magis
503 2571 627 2646 mediis
651 2571 758 2635 media
780 2571 861 2647 imis,
886 2572 953 2635 ima
976 2572 1142 2656 perhilum.

191 2704 209 2745 u
276 2676 335 2739 Est
357 2675 435 2740 haec
458 2674 602 2740 eiusdem
625 2696 753 2760 quoque
777 2677 886 2761 magni
910 2698 1006 2740 causa
1028 2678 1182 2752 tremoris,

231 2787 347 2842 ventus
368 2778 427 2842 ubi
449 2786 547 2863 atque
570 2777 697 2870 animae
720 2777 830 2841 subito
852 2777 902 2842 vis
924 2778 1066 2842 maxima
1089 2779 1246 2864 quaedam

231 2892 289 2948 aut
310 2885 508 2948 extrinsecus
530 2893 589 2948 aut
611 2883 682 2969 ipsa
705 2883 821 2947 tellure
844 2893 953 2946 coorta

232 2989 265 3051 in
288 2989 356 3052 loca
377 3011 411 3053 se
434 3011 512 3052 cava
534 2987 632 3052 terrai
655 2988 793 3052 coniecit
815 2987 927 3072 ibique
1291 2992 1353 3068 580

231 3091 399 3175 speluncas
422 3090 507 3155 inter
529 3112 662 3174 magnas
685 3090 795 3154 fremit
817 3099 894 3154 ante
918 3090 1064 3154 tumultu

231 3194 489 3279 versabundaqne
511 3202 667 3279 portatur,
689 3202 763 3279 post
785 3193 887 3257 incita
909 3216 983 3258 cum
1006 3195 1054 3256 vis
1078 3196 1082 3204 '

180 3414 227 3461 555
239 3414 306 3461 inter
317 3413 374 3460 dam
385 3410 464 3460 Lech.
477 3412 516 3461 for
528 3414 602 3461 inter.
638 3414 667 3460 ln
680 3421 748 3461 terra
761 3413 824 3462 Mar.
840 3411 896 3462 Ald.
912 3414 925 3461 1
938 3413 1012 3461 lunt.
1024 3413 1093 3474 vulg.
1105 3413 1219 3477 perhaps
1230 3413 1335 3476 rightly.

181 3494 229 3543 563
250 3495 380 3542 Inclinato
397 3500 490 3542 tament
506 3493 556 3540 Ed.
574 3492 636 3541 with
661 3493 720 3541 Vat.
737 3493 803 3543 3276
826 3494 867 3542 for
890 3497 1021 3543 Inclinato
1045 3497 1154 3544 minent:
1179 3495 1224 3545 the
1248 3504 1276 3545 tn
1299 3509 1352 3544 was

148 3574 270 3624 absorbed
281 3575 314 3636 by
325 3573 368 3623 the
379 3573 515 3636 preceding
528 3582 554 3622 tc
566 3574 619 3622 and
631 3574 695 3623 then
707 3581 773 3623 ruent
785 3575 875 3636 passed
888 3575 944 3622 into
957 3578 1064 3625 mittent:
1079 3575 1123 3624 the
1132 3575 1233 3625 Verona
1244 3575 1352 3639 palimp-

148 3659 200 3706 sest
211 3657 239 3705 ot
248 3657 336 3705 Lucan
347 3671 363 3704 v
375 3655 422 3705 160
433 3655 481 3704 has
493 3659 689 3706 consaltcmaltu
701 3657 740 3706 for
752 3660 865 3706 cotnnlta
879 3660 1001 3707 tnnnrltu:
1019 3673 1103 3719 comp.
1117 3659 1179 3708 1195
1192 3666 1262 3707 tenta
1273 3661 1354 3708 ruebat

147 3741 174 3788 ol
190 3754 250 3790 mss,
265 3740 304 3788 lor
322 3748 391 3788 tento
409 3740 524 3797 tanntnt,
536 3739 590 3788 and
607 3756 623 3787 v
640 3741 704 3790 1409
721 3756 820 3789 servom
835 3757 912 3801 genus
929 3743 968 3790 lor
982 3757 1082 3791 seruarc
1096 3757 1188 3791 recena
1222 3743 1353 3791 Inclinato

148 3821 321 3871 neantLach.
355 3824 446 3870 obeant
462 3821 539 3870 Bern.
573 3824 672 3871 minant
689 3823 759 3871 Flor.
776 3825 807 3872 31
825 3824 915 3872 camb.
929 3825 993 3874 Mar.
1008 3825 1065 3873 Ald.
1080 3826 1196 3875 liunt:
1214 3841 1256 3875 see
1274 3825 1352 3875 Prisc.

148 3904 209 3953 inst.
221 3919 270 3952 v111
280 3905 326 3954 29:
344 3903 356 3951 I
374 3903 486 3965 Wrongly
502 3903 563 3951 read
580 3909 712 3953 nictantur
728 3907 757 3953 in
775 3906 852 3954 small
869 3905 909 3954 ed.
944 3910 1038 3956 micant
1051 3906 1113 3956 Pius
1123 3909 1152 3956 in
1165 3911 1228 3960 text.
1262 3908 1353 3957 Lcmb.

148 3987 244 4036 retains
260 3989 361 4037 minant.
397 3988 431 4036 At
454 3986 498 4034 the
521 3985 572 4035 end
589 3989 617 4036 oi
640 3987 693 4037 tbis
711 4004 783 4038 verse
799 3989 821 4036 A
838 3988 890 4037 and
908 3990 978 4038 Nico.
995 3989 1061 4039 have
1078 4005 1100 4040 e.
1121 4005 1145 4040 a.
1163 4005 1187 4052 q.
1206 4006 1232 4053 q.
1266 3991 1353 4040 Bhas

150 4083 238 4131 aqncq.
251 4067 333 4116 which
349 4069 426 4117 Bern.
438 4069 516 4131 prael.
532 4082 557 4130 p.
571 4083 603 4117 111
615 4069 707 4118 thinks
718 4085 734 4119 a
745 4085 815 4119 mere
827 4070 1005 4132 repetitiones
1015 4071 1060 4120 the
1071 4072 1123 4122 end
1133 4073 1162 4122 of
1171 4073 1226 4130 562,
1239 4073 1261 4121 Α
1272 4071 1353 4122 intro·

149 4150 243 4212 ducing
259 4165 275 4198 a
293 4149 391 4199 further
408 4150 573 4214 corruption:
592 4151 639 4201 but
656 4152 727 4202 Nice.
741 4167 833 4214 proves
849 4151 908 4201 that
926 4153 970 4202 the
988 4153 1126 4216 archetype
1141 4137 1233 4216 agreed
1248 4155 1311 4203 with
1323 4156 1353 4213 A,

149 4232 195 4279 not
206 4229 236 4278 B.
335 4231 383 4280 568
394 4235 471 4290 venti,
483 4235 522 4282 vic
533 4235 606 4282 trulla
619 4233 686 4284 Mar.
701 4233 775 4282 Wak.
789 4234 1012 4283 ferveaticnrclla.
1112 4236 1159 4286 574
1175 4236 1354 4298 inpenderet

151 4311 220 4362 Nice.
232 4312 300 4375 vulg.
312 4312 415 4376 rightly.
452 4314 636 4378 inpenderaB
650 4315 855 4367 Temenitem.
893 4316 949 4365 The
963 4317 1197 4380 passageslquote
1211 4319 1240 4366 in
1251 4321 1353 4368 notest

150 4395 201 4443 will
212 4410 288 4458 prove
300 4395 357 4444 that
371 4396 483 4446 Tumeb.
496 4397 547 4446 and
561 4397 642 4447 Iach.
655 4412 698 4447 are
714 4398 785 4460 quite
801 4399 931 4449 mistaken
947 4400 976 4448 in
991 4400 1134 4463 supposing
1150 4401 1208 4451 that
1223 4401 1268 4450 the
1285 4402 1350 4464 sing.
