3008 4800
223 372 342 448 stridit,
364 372 422 436 ubi
444 373 479 435 in
500 371 647 458 gelidum
670 393 807 457 propere
829 372 1042 436 demersimus
1065 373 1208 438 imbrem.

224 476 342 540 aridior
365 498 458 560 porro
481 475 509 539 si
532 475 637 539 nubes
659 464 779 560 accipit
802 476 921 562 ignem,

225 578 481 667 urituringenti
504 578 614 641 sonitu
637 600 793 642 succensa
815 586 950 663 repente
962 600 969 658 ;

225 683 415 747 lauricomos
438 690 476 745 ut
498 681 527 744 si
550 702 608 764 per
631 681 752 744 montis
775 681 907 743 flamma
930 688 1066 766 vagetur

225 787 355 850 turbine
379 794 551 848 ventorum
574 784 768 848 comburens
791 785 915 869 impete
938 807 1073 871 magno;

155 946 158 952 .
198 974 200 979 Α
225 911 286 953 nec
307 873 357 952 res
380 886 448 951 ulla
471 886 575 973 magis
598 908 697 971 quam
721 887 845 952 Phoebi
868 887 1029 972 Delphica
1050 888 1159 952 laurus

226 990 365 1056 terribili
387 990 497 1054 sonitu
520 990 653 1053 flamma
675 990 857 1076 crepitante
881 977 1068 1102 crematuri}

226 1094 366 1179 denique
389 1114 486 1177 saepe
508 1093 574 1177 geli
597 1093 723 1158 multus
745 1094 853 1179 fragor
874 1102 974 1180 atque
996 1094 1091 1158 ruina

228 1196 395 1283 grandinis
416 1196 451 1259 in
474 1196 601 1281 magnis
623 1195 770 1261 sonitum
792 1197 850 1261 dat
872 1198 1014 1262 nubibus
1036 1197 1110 1263 alte.

228 1309 347 1363 ventus
369 1299 457 1363 enim
480 1321 555 1362 cum
577 1297 743 1374 confercit,
766 1299 971 1384 franguntur,
993 1299 1164 1377 inanum,

227 1397 368 1462 concreti
390 1406 517 1461 montes
539 1397 726 1461 nimborum
750 1405 784 1462 et
806 1398 964 1483 grandine
986 1377 1108 1476 mixtil

272 1500 385 1587 Fulgit
407 1500 497 1575 item,
519 1499 625 1564 nubes
648 1499 735 1587 ignis
756 1521 832 1563 cum
854 1499 979 1564 semina
1001 1502 1106 1566 multa

228 1625 395 1668 excussere
418 1625 477 1667 suo
500 1625 676 1682 concursu3
706 1624 766 1666 ceu
789 1601 933 1686 lapidem
956 1603 984 1666 si

228 1703 392 1786 percutiat
415 1701 497 1786 lapis
519 1709 579 1765 aut
602 1702 742 1782 ferrum3
772 1724 849 1765 nam
873 1709 945 1766 tum
967 1724 1096 1788 quoque
1118 1703 1226 1767 lumen

229 1805 322 1869 exilit
344 1813 379 1868 et
401 1805 502 1869 claras
525 1804 686 1869 scintillas
708 1804 846 1890 dissipat
869 1791 973 1904 ignis}

229 1905 285 1969 sed
308 1906 468 1969 tonitrum
492 1906 530 1968 fit
553 1905 605 1968 uti
627 1912 702 1990 post
724 1903 859 1968 auribus
881 1903 1085 1990 accipiamus,

229 2006 354 2090 fulgere
376 2027 475 2090 quam
498 2012 633 2068 cernant
656 2003 750 2080 oculi,
774 2003 853 2089 quia
875 2025 1002 2090 semper
1023 2004 1064 2068 ad
1087 2005 1173 2068 auris

228 2107 555 2192 tardiusadveniunt
577 2129 678 2192 quam
701 2106 807 2171 visum
830 2129 913 2193 quae
936 2115 1087 2172 moveant
1109 2077 1187 2220 resi

230 2212 264 2276 id
287 2212 363 2276 licet
386 2213 462 2276 hinc
485 2212 585 2276 etiam
609 2233 821 2299 cognoscere:
851 2211 985 2276 caedere
1008 2211 1035 2275 si
1057 2234 1153 2297 quem

231 2314 370 2399 ancipiti·
391 2314 502 2379 videas
525 2314 609 2378 ferro
631 2314 744 2400 procul
766 2313 891 2377 arboris
913 2320 1056 2389 auctum,

195 2495 200 2499 ,
230 2427 307 2482 ante
329 2418 368 2481 fit
391 2427 429 2482 ut
452 2439 564 2481 cernas
587 2417 691 2482 ictum
715 2439 814 2502 quam
837 2416 934 2504 plaga
956 2439 1012 2502 per
1034 2417 1121 2480 auris

229 2521 286 2586 det
309 2522 472 2600 sonitum3
502 2521 547 2585 sic
570 2521 731 2608 fulgorem
755 2541 884 2605 quoque
906 2519 1066 2585 cernimus
1088 2527 1163 2584 ante

231 2648 328 2710 quam
352 2624 513 2688 tonitrum
536 2624 724 2710 accipimus,
746 2623 870 2709 pariter
891 2623 949 2708 qui
971 2623 1117 2688 mittitur
1138 2623 1206 2710 igni

230 2751 248 2793 e
272 2727 372 2792 simili
394 2750 501 2803 causa,
522 2749 681 2805 concursu
702 2735 803 2792 natus
825 2704 969 2826 ecdem}

275 2831 349 2894 Hoc
372 2831 474 2894 etiam
497 2839 593 2916 pacto
616 2830 739 2895 volucri
762 2830 832 2894 loca
853 2828 976 2894 lumine
999 2829 1132 2916 tingunt

230 2936 335 2999 nubes
357 2943 392 2999 et
415 2934 556 2998 tremulo
579 2942 759 3020 tempestas
782 2933 906 3019 impete
929 2905 1046 3020 fulgitl

232 3046 349 3101 ventus
371 3036 430 3100 ubi
452 3035 574 3100 invasit
595 3035 718 3100 nubem
742 3043 776 3100 et
799 3043 946 3100 versatus
968 3035 1089 3100 ibidem

198 3184 209 3215 s
232 3142 308 3205 fecit
332 3149 370 3205 ut
391 3150 469 3205 ante
492 3162 605 3205 cavam
627 3139 724 3205 docui
746 3140 937 3224 spissescere
959 3139 1089 3216 nubem,

232 3235 415 3308 mobilitate
438 3265 498 3306 sua
520 3242 688 3322 fervescit3
718 3250 757 3307 ut
780 3242 890 3307 omnia
911 3250 1003 3307 motu

232 3347 446 3433 percalefacta
468 3346 558 3411 vides
581 3347 756 3425 ardescere,
779 3345 934 3432 plumbea
956 3368 1030 3410 vero

231 3453 324 3539 glans
347 3452 448 3517 etiam
472 3453 567 3539 longo
590 3474 687 3516 cursu
710 3450 869 3516 volvenda
892 3405 1067 3549 liquescit.)

145 3707 179 3770 by
189 3705 280 3755 Lamb.
315 3707 423 3755 trucidet
434 3705 508 3756 lunt.
520 3707 567 3754 not
578 3704 656 3753 Pont.
670 3718 700 3754 or
711 3703 778 3754 Mar.
791 3705 831 3753 for
844 3707 966 3756 trrwidac.
999 3705 1080 3755 Lach.
1093 3721 1127 3756 on
1139 3706 1182 3756 the
1194 3711 1314 3772 contrary
1324 3708 1352 3757 in

148 3789 194 3838 145
207 3790 245 3838 for
256 3791 301 3837 Fit
312 3789 387 3838 reads
398 3791 439 3837 ld.
575 3788 623 3839 149
637 3783 744 3850 propere
757 3787 823 3838 Mar.
835 3787 893 3837 Ald.
909 3789 923 3836 1
935 3789 1008 3837 dunt.
1024 3788 1064 3836 ior
1071 3798 1179 3852 propter.
1307 3793 1354 3840 151

145 3880 244 3934 repente
255 3871 324 3920 Flor.
337 3873 368 3919 31
381 3871 452 3919 Brix.
464 3870 541 3919 Pont.
554 3869 594 3919 for
605 3878 711 3920 recente.
812 3871 860 3920 154
872 3886 911 3920 res
922 3874 977 3920 ullu
989 3872 1101 3921 Macrob.
1114 3877 1162 3922 sat,
1175 3889 1201 3922 vr
1212 3875 1227 3922 4
1239 3875 1254 3922 5
1266 3874 1306 3922 for
1316 3889 1354 3922 res

147 3958 213 4004 uita.
246 3970 285 4003 res
298 3956 352 4002 ulla
364 3957 421 4002 uita
432 3953 492 4002 Ver.
506 3953 570 4004 Van.
607 3955 694 4002 resina
705 3953 776 4002 Flor.
789 3954 820 4002 31
832 3953 922 4002 camb.
1039 3955 1085 4004 158
1097 3959 1126 4005 iu
1136 3964 1226 4005 artum,
1260 3959 1354 4006 iaarto

146 4036 241 4088 Lach.:
259 4037 306 4086 but
320 4035 463 4085 somevvhat
478 4034 599 4084 involved
616 4034 811 4085 constructione
828 4051 870 4085 are
887 4037 920 4099 by
936 4051 971 4086 no
989 4052 1079 4088 means
1096 4038 1202 4089 avoided
1218 4039 1251 4102 by
1263 4039 1352 4089 Lucr:

147 4133 229 4181 comp.
245 4120 292 4169 176
304 4117 358 4167 and
369 4133 401 4166 111
413 4119 470 4166 843.
562 4117 924 4180 165FulpereNicc.Bcorr.
940 4121 1093 4183 corrupere.
1183 4121 1230 4172 168
1241 4124 1356 4184 Ancipiti

147 4200 215 4250 Flor.
228 4202 259 4249 31
271 4201 342 4249 Mon.
355 4200 425 4248 Brix.
438 4200 478 4249 lor
493 4201 619 4262 Uuyipiti.
653 4201 743 4250 videus
754 4199 821 4252 Mar.
836 4201 910 4253 Junt.
924 4201 1068 4252 forvidcct.
1184 4204 1355 4253 172Eriruili

148 4282 171 4330 Δ
187 4280 258 4330 Nico.
271 4282 341 4331 Flor.
353 4282 384 4329 31
398 4279 488 4343 (Lech.
502 4281 619 4343 wrongly
635 4267 784 4342 assignato
801 4281 823 4331 it
840 4281 886 4347 Er)
903 4283 918 4330 2
934 4282 993 4334 Vat.
1011 4282 1082 4333 Brix.
1095 4283 1159 4333 Mar.
1175 4285 1246 4334 Junt.
1266 4284 1354 4334 bamb.

148 4365 183 4413 Et
194 4365 274 4414 siusili
286 4364 308 4413 B
321 4363 410 4412 Gamb.
424 4363 496 4412 Mon.
508 4365 523 4411 3
534 4362 594 4412 Vat.
605 4361 665 4412 Ver.
677 4361 745 4411 Veu.
757 4362 854 4412 Arane.
1005 4366 1052 4416 179
1070 4367 1184 4428 liquescit
1197 4367 1273 4417 Pont.
1291 4367 1356 4417 Mar.

236 4464 272 4511 ru.
1232 4449 1270 4514 17
