3008 4800
765 203 796 266 V

268 372 367 447 atque
390 361 453 425 alia
475 361 562 425 illius
585 361 725 446 reparari
747 363 782 426 in
804 371 896 448 parte
919 362 1058 448 locoque,

268 466 429 531 difficilest
450 466 575 531 ratione
597 465 710 531 dooere
733 475 767 531 et
790 467 916 532 vincere
939 467 1052 544 verbis,
1322 485 1341 547 7
1346 482 1384 549 35

269 572 380 638 ordine
402 593 476 634 cum
494 571 619 656 possint
641 578 710 633 tam
733 579 820 635 certo
842 571 947 636 multa
969 538 1099 660 crearil

267 674 296 739 it
318 682 429 738 voret
452 674 571 750 Venus,
596 681 631 738 et
652 674 788 738 Veneris
810 674 1022 759 praenuntius
1044 682 1121 738 ante

268 784 429 862 pennatus
450 776 606 862 graditur,
628 776 760 862 zephyri
784 777 921 863 vestigia
943 786 1072 863 propter

270 881 366 945 Flora
387 880 505 965 quibus
526 887 631 944 mater
652 902 885 966 praespargens
907 889 984 945 ante
1009 879 1071 944 viai

269 992 387 1048 cuncta
409 982 567 1048 coloribus
590 982 728 1068 egregiis
750 991 785 1047 et
807 981 958 1048 odoribus
980 939 1111 1104 opplet.)
1323 998 1387 1062 740

268 1086 344 1150 inde
366 1085 427 1149 loci
448 1084 596 1169 sequitur
616 1082 702 1147 calor
722 1083 832 1148 aridus
854 1092 889 1149 et
911 1107 1016 1150 eomes
1038 1108 1104 1149 una

267 1187 495 1274 pulverulenta
517 1185 614 1252 Ceres
636 1195 665 1251 et
687 1185 789 1250 etesia
810 1186 911 1250 flabra
933 1170 1144 1272 aquilonuml

261 1294 344 1357 ‘inde
366 1300 544 1356 autumnus
566 1289 644 1366 adit,
665 1289 814 1376 graditur
836 1289 933 1354 simul
955 1290 1083 1354 Euhius
1105 1249 1223 1383 Euanl

268 1396 343 1460 inde
365 1395 447 1459 aliae
470 1400 681 1478 tempestates
704 1393 858 1478 ventique
880 1402 1041 1471 secuntur,

267 1500 442 1564 altitonans
464 1497 643 1562 Volturnus
666 1505 699 1562 et
721 1506 832 1562 auster
854 1498 989 1563 fulmine
1010 1456 1157 1584 pollensl

268 1602 400 1667 tandem
422 1602 539 1665 bruma
559 1600 649 1664 nives
672 1600 777 1665 adfert
799 1601 994 1688 pigrumque
1016 1600 1154 1687 rigorem

267 1704 392 1770 reddit:
421 1704 547 1788 hiemps
569 1703 717 1788 sequitur
738 1703 899 1789 crepitans
922 1704 1005 1768 hano
1026 1704 1180 1769 dentibus
1203 1678 1310 1820 algu}

267 1830 331 1894 quo
354 1807 461 1871 minus
483 1815 532 1871 est
555 1806 673 1870 mirum
696 1806 724 1870 si
745 1815 833 1871 certo
855 1815 1000 1894 tempore
1023 1807 1101 1871 luna

267 1912 415 2000 gignitur
436 1920 470 1976 et
492 1919 579 1975 certo
601 1909 729 1974 deletur
750 1918 896 1996 tempore
918 1933 1021 1988 rusus,

267 2036 341 2078 cum
364 2013 432 2077 fieri
455 2013 578 2099 possint
601 2020 669 2076 tam
692 2021 779 2077 certo
801 2021 947 2098 tempore
970 1971 1102 2085 multal
1322 2027 1388 2094 750

312 2117 396 2182 Solis
417 2116 497 2181 item
519 2137 647 2202 quoque
669 2116 816 2181 defectus
837 2115 998 2202 lunaeque
1020 2116 1160 2182 latebras

267 2220 414 2306 pluribus
436 2242 454 2284 e
477 2219 581 2283 causis
604 2219 674 2284 fieri
696 2219 758 2284 tibi
780 2241 872 2305 posse
894 2206 1127 2306 putandumst}

268 2345 343 2386 nam
367 2344 424 2386 cur
445 2322 524 2385 luna
545 2334 645 2407 queat
668 2329 787 2385 terram
810 2320 973 2387 secludere
997 2321 1072 2386 solis
1140 2378 1144 2384 .

240 2483 241 2486 ,
267 2426 390 2490 lumine
413 2434 447 2490 et
469 2448 489 2489 a
510 2425 605 2490 terris
627 2426 731 2488 altum
754 2432 852 2510 caput
874 2425 1041 2490 obstruere
1063 2426 1103 2503 ei,

268 2529 409 2594 obiciens
431 2551 561 2593 caecum
583 2528 681 2592 radiis
704 2527 893 2592 ardentibus
915 2529 1043 2608 orbem;
1322 2546 1384 2611 755

268 2643 412 2719 tempore
436 2632 547 2698 codem
569 2631 658 2696 aliud
681 2632 784 2696 facere
807 2631 841 2696 id
863 2655 928 2696 non
950 2655 1042 2720 posse
1064 2641 1200 2718 putetur

267 2759 382 2822 corpus
403 2736 489 2821 quod
511 2758 636 2800 cassum
660 2735 789 2798 labatur
811 2734 934 2800 lumine
957 2708 1126 2821 semperil

268 2842 378 2927 solque
400 2863 474 2905 suos
496 2840 596 2905 ctiam
618 2839 785 2904 dimittere
808 2839 981 2924 languidus
1002 2839 1087 2926 ignis

268 2952 413 3029 tempore
435 2965 493 3006 cur
514 2950 601 3006 certo
623 2950 766 3027 nequeat
787 2964 994 3026 recreareque
1017 2943 1135 3018 lumen,

268 3066 341 3108 cum
364 3044 433 3108 loca
454 3042 623 3128 praeteriit
645 3042 785 3107 flammis
807 3043 924 3107 infesta
946 3065 1004 3128 per
1025 3065 1128 3119 auras,
1324 3045 1388 3122 760

269 3169 351 3231 quae
374 3147 497 3210 faciunt
519 3146 604 3232 ignis
625 3145 836 3231 interstingui
859 3153 959 3231 atque
981 3123 1126 3230 periretl

182 3379 213 3427 31
226 3376 372 3426 Gambeto.
439 3376 486 3425 733
498 3376 614 3424 aborisci.
644 3377 750 3424 obolisci
758 3375 812 3424 AB.
821 3377 928 3425 obotssci
940 3375 1005 3426 Mar.
1019 3375 1094 3425 Junt.
1123 3378 1219 3426 abonii
1229 3376 1386 3427 Brix.Pont.

182 3459 277 3508 Arane.
312 3455 550 3507 atolaoerehsmb.
626 3456 674 3507 736
683 3458 781 3519 possint
793 3455 877 3506 added
887 3457 922 3519 by
931 3456 1023 3508 Lech:
1040 3473 1082 3508 see
1094 3459 1155 3509 750:
1172 3461 1260 3510 videos
1270 3459 1306 3523 by
1317 3461 1385 3513 Flor.

182 3541 214 3589 31
226 3538 315 3589 camb.
331 3539 394 3588 Mar.
409 3537 477 3600 vulg.
596 3540 643 3590 737
658 3539 768 3587 Veneris.
802 3541 868 3588 veris
880 3539 956 3589 Pont.
969 3539 1053 3589 Bentl.
1066 3540 1233 3591 Wsk.Lach.
1340 3545 1389 3595 738

182 3623 294 3686 zephyri.
328 3621 449 3683 zephyrus
461 3620 536 3670 Pont.
550 3618 616 3668 Mar.
628 3619 799 3668 Alleunt.
811 3621 887 3682 vulgo
898 3620 991 3672 Lech:
1007 3620 1054 3670 but
1065 3636 1108 3671 see
1119 3624 1192 3672 notes
1204 3625 1228 3674 2.
1340 3627 1389 3676 742

184 3705 365 3753 Pulverutentc
378 3704 450 3752 Ocres
460 3702 537 3751 Pont.
550 3700 614 3751 Mar.
629 3701 688 3750 Ald.
702 3703 716 3750 l
728 3701 744 3750 J
746 3704 802 3750 unt.
812 3703 853 3751 lor
862 3703 1020 3752 Pulvernnto
1033 3704 1114 3754 Ceres.
1147 3712 1172 3754 et
1183 3705 1266 3754 added
1276 3706 1309 3769 by
1321 3707 1386 3760 Mar.

182 3785 238 3836 Ald.
258 3787 272 3834 l
290 3785 362 3834 Junt.
480 3784 528 3833 747
544 3783 639 3833 Reddit
655 3783 725 3832 Flor.
743 3784 774 3832 31
792 3783 882 3832 (lamb.
900 3784 940 3832 for
956 3785 1042 3834 Redit.
1076 3785 1168 3834 Prodit
1185 3787 1288 3850 hiemps,
1307 3787 1388 3838 bach.

183 3867 308 3928 crepitans
319 3864 387 3914 Flor.
402 3863 504 3912 srvat.
517 3863 586 3914 Mon.
601 3862 870 3914 Briniorcreditcns.
905 3865 1119 3928 tnncBrightly.
1147 3868 1218 3916 asA.
1246 3871 1390 3919 accentibus

183 3945 409 4009 scythicarum.
429 3944 733 3994 310amb.Mon.Vst.
754 3945 833 3995 Junt.·
869 3948 930 4008 alpii
945 3946 1030 4008 Bergk
1047 3946 1087 3997 ior
1103 3949 1166 4011 alpi.
1207 3952 1279 4011 alpos
1295 3949 1389 4000 Lcmb.

183 4029 255 4089 atuor
265 4025 346 4075 Lach.
444 4024 821 4088 tsofiertMsr.A1d.1Junt.
837 4027 951 4088 forsteri.
979 4028 1306 4090 florerequcantoneVat.

216 4111 263 4162 753
276 4111 335 4158 solis
345 4107 435 4158 Lamb.
450 4108 507 4157 first
518 4109 558 4157 for
565 4110 654 4171 possis.
687 4123 772 4171 posces
784 4108 848 4160 Mar.
864 4109 921 4161 Ald.
937 4112 950 4159 l
963 4110 1037 4160 Junt.
1168 4113 1216 4163 761
1224 4116 1309 4175 perire
1322 4115 1387 4167 Mar.

184 4191 242 4240 Ald.
261 4192 274 4239 l
292 4191 364 4240 Junt.
382 4191 422 4238 lor
440 4192 532 4253 periri.
572 4190 722 4239 Fleckeisen
738 4190 799 4241 krlt.
817 4190 949 4242 miscellan
966 4208 992 4256 p.
1009 4194 1040 4243 55
1057 4193 1164 4244 defends
1182 4199 1266 4258 periri
1288 4212 1323 4247 on
1346 4199 1391 4250 the

184 4273 292 4335 analogy
303 4273 331 4322 ol
340 4274 409 4336 fieri,
423 4273 463 4321 for
478 4271 561 4321 which
577 4272 680 4321 Ennius
692 4288 753 4323 ann.
769 4274 800 4323 15
811 4273 860 4323 has
870 4277 948 4336 fiere,
961 4275 1012 4324 and
1027 4277 1055 4325 ot
1069 4280 1152 4326 veniri
1167 4277 1315 4329 sometimes
1328 4282 1391 4333 used

184 4355 224 4404 lor
233 4357 332 4405 venire:
344 4354 391 4404 but
402 4355 447 4404 the
458 4354 539 4404 scribe
550 4369 602 4404 was
613 4354 813 4418 unoonsciously
823 4356 915 4406 misled
926 4356 960 4418 by
972 4357 1015 4406 the
1026 4357 1101 4407 other
1111 4357 1247 4410 infinitiva.
