3008 4800
757 221 774 283 Ι
1328 243 1367 310 75

128 352 493 488 ρξᾸ111111111111ῳ11
516 379 589 453 ima,
613 381 698 464 quod
723 382 755 444 in
780 383 924 447 medium
948 385 1015 449 sint
1037 389 1145 452 omnia
1168 390 1260 453 nixa:

245 482 351 566 ipsum
375 483 403 546 si
425 483 598 568 quicquam
621 506 713 569 posse
737 486 771 549 in
794 508 828 550 se
851 488 966 554 sistere
988 491 1108 555 credis:

246 592 280 647 et
302 606 385 668 quae
408 585 550 669 pondera
571 597 649 650 sunt
671 588 731 651 sub
755 590 849 653 terris
872 593 982 654 omnia
1004 615 1129 657 sursum

247 686 344 750 nitier
366 687 399 749 in
423 698 572 774 terraque
595 699 680 754 rotro
704 693 904 776 requiescere
929 705 1030 780 posta,

246 798 283 853 ut
307 812 364 874 per
386 813 486 876 aquas
507 814 590 876 quae
614 815 700 856 nunc
723 816 830 858 rerum
853 796 1026 862 simulacra
1049 800 1203 866 videmus.
1288 807 1369 870 1060

246 902 279 957 et
302 894 401 958 simili
423 895 549 960 ratione
570 896 725 960 animalia
747 900 852 983 suppa
875 902 987 986 vagari

236 993 446 1062 'contendunt
469 1021 575 1084 neque
597 1021 689 1084 posse
712 1023 730 1064 e
755 1002 849 1066 terris
872 1002 906 1066 in
929 1005 998 1068 loca
1020 1005 1100 1069 caeli

244 1101 402 1164 reccidere
425 1100 576 1165 inferiora
597 1103 701 1189 magis
724 1125 822 1189 quam
846 1127 978 1191 corpora
1000 1118 1109 1173 nostra

244 1212 358 1288 sponte
381 1226 440 1269 sua
462 1205 587 1289 possint
609 1206 644 1269 in
665 1208 747 1272 caeli
770 1210 895 1295 templa
918 1211 1041 1289 volare;

244 1305 292 1369 illi
314 1329 388 1370 cum
411 1307 543 1372 videant
565 1308 674 1385 solem,
698 1332 755 1374 nos
778 1310 884 1376 sidera
907 1314 1011 1379 noctis

243 1432 381 1487 cernere,
403 1419 437 1475 ct
459 1411 594 1476 alternis
615 1413 782 1479 nobiscum
806 1424 954 1503 tempora
976 1419 1056 1483 caeli

201 1511 384 1602 &dividere
407 1522 442 1577 et
464 1522 574 1579 noctes
596 1516 707 1600 parilis
729 1518 854 1604 agitare
878 1520 1000 1586 diebus.

190 1604 193 1608 ⁵
243 1617 300 1680 sed
323 1640 425 1681 vanus
448 1619 574 1683 stolidis
596 1619 675 1685 haec

244 1721 384 1806 amplexi
407 1722 492 1807 quod
515 1722 637 1788 habent
660 1747 738 1810 perv

243 1847 319 1889 nam
342 1827 485 1891 medium
508 1829 555 1891 nil
578 1851 647 1894 esse
669 1838 779 1916 potest

243 1928 379 1994 infinita.
425 1952 530 2016 neque
553 1931 692 2008 omnino,
715 1932 743 1996 si
766 1933 831 1997 iam
854 1933 1067 2010 mediaverit,

243 2034 344 2118 possit
366 2033 413 2098 ibi
435 2034 607 2120 quicquam
631 2036 805 2101 consistere

243 2160 341 2222 quam
363 2139 477 2224 quavis
498 2138 563 2202 alia
586 2139 679 2226 longe
704 2141 830 2205 ratione

244 2239 347 2304 omnis
369 2242 456 2305 enim
481 2243 568 2306 locus
591 2265 627 2306 ac
650 2244 796 2328 spatium
819 2245 906 2330 quod
929 2244 1024 2309 inune
1046 2267 1192 2310 vocamus

244 2368 301 2431 per
322 2344 465 2410 medium
489 2367 546 2430 per
568 2368 632 2409 non
656 2345 801 2409 medium
824 2348 998 2411 concedere
1021 2346 1106 2412 debet

242 2470 344 2534 aeque
366 2448 571 2534 ponderibus
593 2457 701 2512 motus
723 2470 928 2534 quacumque
952 2450 1106 2514 feruutur.

243 2573 302 2616 nec
324 2551 494 2636 quisquam
518 2551 606 2614 locus
628 2561 686 2626 est,
710 2573 774 2635 quo
797 2573 929 2636 corpora
951 2574 1025 2616 cum
1049 2562 1209 2629 venerunt,

243 2655 391 2741 ponderis
413 2655 532 2719 amissa
554 2655 586 2718 vi
609 2655 734 2742 possint
756 2663 843 2720 stare
865 2657 900 2720 iu
924 2657 1030 2736 inani3

155 2896 275 2944 Adeimili
295 2896 346 2945 and
363 2897 432 2960 joins
452 2897 516 2946 with
534 2898 555 2946 it
574 2896 617 2948 the
637 2896 774 2961 preceding
793 2913 873 2957 verse,
890 2898 995 2961 putting
1014 2913 1030 2947 1
1049 2897 1099 2947 full
1116 2903 1174 2960 stop
1191 2903 1314 2962 alperto.
1350 2899 1362 2948 Ι

155 2974 232 3024 think
242 2975 298 3025 him
310 2979 381 3039 quite
392 2994 494 3041 wrong:
512 2978 557 3028 the
569 2978 652 3029 simile
664 2979 687 3029 is
699 2980 802 3044 exactly
813 2978 859 3030 the
871 2995 942 3033 same
955 2995 985 3029 as
1001 2995 1028 3029 rr
1042 2981 1099 3038 418,
1111 2980 1195 3030 where
1211 2982 1265 3031 eleo
1281 2981 1358 3031 Lach.

156 3057 244 3107 makes
255 3073 425 3122 unnecesssry
436 3060 555 3122 changes.
699 3061 861 3113 1068-1075
871 3077 877 3110 :
896 3062 969 3112 thess
981 3065 996 3112 8
1008 3061 1144 3112 mutilated
1155 3078 1241 3113 verses
1251 3078 1323 3112 came
1335 3068 1362 3112 st

156 3139 200 3188 the
211 3139 352 3203 beginning
362 3141 391 3190 of
405 3157 431 3204 p.
444 3143 475 3190 45
487 3142 516 3191 of
531 3141 575 3192 the
586 3142 741 3206 archetype3
758 3142 811 3193 and
826 3142 872 3193 the
887 3143 952 3192 ends
968 3158 1031 3193 were
1046 3143 1173 3194 therefore
1188 3150 1216 3194 at
1231 3144 1274 3194 the
1289 3147 1363 3194 outer

155 3224 264 3284 margin.
299 3223 321 3272 B
339 3223 391 3273 and
408 3224 479 3273 Gott.
492 3224 557 3274 omit
575 3223 646 3274 them
662 3225 814 3287 altogether,
828 3225 875 3274 but
892 3224 994 3288 append
1010 3239 1026 3274 a
1042 3240 1112 3275 cross
1129 3226 1181 3275 aad
1198 3241 1255 3277 vrri.
1291 3226 1361 3276 Nico.

154 3305 225 3366 gives
236 3304 308 3354 thern
318 3305 453 3368 imperfect
463 3321 493 3355 as
504 3306 531 3355 in
544 3308 574 3356 A.
608 3306 663 3356 The
674 3308 741 3357 later
752 3323 815 3357 mss.
827 3307 885 3357 Ald.
903 3311 925 3366 1,
938 3308 1012 3357 Junt.
1024 3308 1091 3358 after
1099 3309 1176 3369 Mar..
1189 3309 1280 3358 hamb.
1293 3324 1360 3358 com-

154 3387 222 3449 plete
238 3387 310 3436 them
326 3387 355 3436 in
366 3387 469 3436 various
480 3402 558 3450 ways.
593 3388 607 3436 1
622 3388 745 3450 formerly
756 3388 892 3451 suggested
909 3389 937 3437 in
954 3389 1017 3438 1068
1032 3405 1100 3439 error
1111 3391 1185 3452 salsa
1199 3392 1318 3452 probavit
1333 3381 1362 3439 or

154 3483 223 3518 error
233 3471 329 3518 somnia
334 3469 430 3530 finxit:
449 3469 511 3519 1089
520 3485 639 3532 perversa
649 3485 701 3518 rem
711 3472 826 3519 ratione:
847 3470 911 3520 1070
923 3471 1023 3532 quando
1034 3472 1117 3518 omniu
1128 3478 1250 3527 constant,
1260 3485 1288 3520 or
1300 3472 1361 3520 with

154 3547 234 3597 Lech.
245 3550 290 3597 ubi
301 3564 395 3597 suntme
403 3551 551 3611 profundist
560 3551 575 3598 ε’
585 3550 648 3600 1072
660 3566 715 3599 eam
726 3552 848 3612 11191110
859 3566 926 3599 reru:
945 3551 1007 3600 1073
1019 3551 1114 3612 repelli.
1208 3552 1270 3601 1073
1281 3551 1360 3601 Lach.

154 3630 227 3680 reads
237 3633 290 3680 clio
302 3630 479 3688 fotubaurd
490 3646 613 3694 proposes
624 3648 704 3682 meare
716 3636 744 3683 at
755 3632 814 3690 end,
823 3632 876 3682 and
887 3635 962 3681 crolle
972 3634 1062 3695 putari
1073 3631 1102 3680 in
1114 3633 1189 3683 1072:
1207 3633 1240 3682 he
1251 3632 1362 3682 declines

154 3715 182 3760 to
192 3711 320 3774 prophesy
331 3711 359 3759 in
372 3711 435 3760 1068
446 3711 499 3760 and
512 3712 582 3763 1009.
729 3714 792 3763 1071
804 3713 871 3762 Μ11,
883 3714 900 3762 J
902 3717 958 3762 unt.
970 3715 1038 3761 most
1054 3713 1124 3774 truly
1135 3728 1211 3776 ueqrre
1226 3717 1323 3763 omnino
1338 3717 1361 3763 si

154 3796 206 3842 iam
216 3795 324 3842 radium
334 3795 369 3842 rit
381 3793 420 3840 for
431 3795 533 3856 durique
545 3796 643 3842 omniuo
654 3797 678 3842 ai
689 3797 748 3844 iant.
886 3796 950 3846 1074
963 3794 1007 3843 the
1019 3792 1069 3842 end
1080 3793 1103 3841 is
1119 3794 1237 3856 supplied
1252 3794 1284 3856 by
1296 3795 1360 3843 Mar.

154 3874 211 3924 hid.
225 3876 239 3922 1
251 3873 304 3923 and
314 3874 390 3923 Junt.
490 3876 552 3924 1075
564 3875 635 3924 debet
646 3873 731 3932 Wak.,
744 3884 840 3939 ogrortet
851 3876 923 3925 older
935 3891 999 3925 corr.
1115 3878 1178 3928 1076
1190 3879 1274 3938 Aeque
1286 3876 1359 3924 Junt.

155 3958 193 4006 for
204 3960 289 4022 aequis
300 3956 385 4005 which
396 3957 469 4006 Wak.
484 3957 606 4020 absurdly
617 3957 730 4008 defends.
835 3959 898 4008 1078
911 3961 939 4007 in
950 3959 1033 4009 added
1045 3960 1078 4022 by
1091 3961 1157 4010 Mar.
1168 3959 1224 4010 Ald.
1240 3960 1253 4006 1
1265 3959 1281 4007 J
1283 3963 1338 4008 unt.

203 4041 266 4089 1082
274 4041 381 4088 cormilio
390 4039 455 4088 Mar.
463 4039 537 4088 lunt.
545 4039 585 4088 for
593 4042 736 4098 corrodium,
744 4039 789 4088 the
797 4041 930 4102 vircomiug
937 4041 1004 4090 from
1012 4044 1095 4091 rudit.
1112 4043 1360 4092 concilium...vecfac

153 4120 234 4170 Lach.
246 4119 330 4170 which
341 4135 423 4169 seems
435 4120 484 4169 less
496 4118 613 4182 poetical.
647 4121 845 4171 vinctaeBentl.
879 4124 942 4172 1085
956 4123 1018 4172 1088
1030 4137 1073 4171 are
1086 4122 1239 4184 transposed
1250 4122 1283 4183 by
1296 4121 1359 4170 Mar.

154 4202 295 4252 andiunt.
313 4202 430 4252 followed
448 4202 482 4265 by
498 4202 533 4251 111
550 4202 635 4251 before
652 4201 748 4254 Lach:
771 4203 819 4252 but
836 4203 943 4265 Ussing.
962 4203 1076 4253 Tidsskr.
1095 4205 1133 4252 for
1150 4203 1243 4252 Philol.
1261 4219 1295 4261 vi,
1313 4203 1361 4253 has

152 4283 250 4346 rightly
267 4298 328 4333 seen
345 4283 403 4334 that
419 4298 435 4333 1
452 4299 475 4331 v.
493 4283 515 4332 is
532 4283 583 4332 lost
600 4283 685 4332 before
704 4285 775 4341 1085,
792 4283 876 4333 which
894 4285 1044 4347 comparing
1062 4301 1087 4333 vr
1105 4287 1151 4336 495
1170 4285 1183 4333 I
1200 4284 1283 4334 would
1300 4285 1360 4335 thus

155 4350 248 4430 supply
265 4369 300 4415 Et
318 4383 380 4429 quae
397 4368 427 4415 de
444 4381 530 4429 supero
548 4368 576 4414 in
594 4374 685 4414 ferrum
702 4369 838 4416 mittuntur
854 4376 883 4415 ut
901 4370 997 4417 iratres.
