<?xml version="1.0" encoding="UTF-8"?>
<!DOCTYPE html PUBLIC "-//W3C//DTD XHTML 1.0 Transitional//EN"
    "http://www.w3.org/TR/xhtml1/DTD/xhtml1-transitional.dtd">
<html xmlns="http://www.w3.org/1999/xhtml" xml:lang="en" lang="en">
 <head>
  <title>
</title>
<meta http-equiv="Content-Type" content="text/html;charset=utf-8" />
  <meta name='ocr-system' content='tesseract 3.04.00' />
  <meta name='ocr-capabilities' content='ocr_page ocr_carea ocr_par ocr_line ocrx_word'/>
</head>
<body>
  <div class='ocr_page' id='page_1' title='image "./tlucreticarider00munrgoog_0148.png"; bbox 0 0 3008 4800; ppageno 0'>
   <div class='ocr_carea' id='block_1_1' title="bbox 707 209 763 275">
    <p class='ocr_par' dir='ltr' id='par_1_1' title="bbox 707 209 763 275">
     <span class='ocr_line' id='line_1_1' title="bbox 707 209 763 275; baseline -0.036 0"><span class='ocrx_word' id='word_1_1' title='bbox 707 209 763 275; x_wconf 91' lang='lat' dir='ltr'>III</span> 
     </span>
    </p>
   </div>
   <div class='ocr_carea' id='block_1_2' title="bbox 231 367 1078 460">
    <p class='ocr_par' dir='ltr' id='par_1_2' title="bbox 231 367 1078 460">
     <span class='ocr_line' id='line_1_2' title="bbox 231 367 1078 460; baseline -0.011 -19"><span class='ocrx_word' id='word_1_2' title='bbox 231 387 268 441; x_wconf 91' lang='lat' dir='ltr'>ut</span> <span class='ocrx_word' id='word_1_3' title='bbox 290 374 443 460; x_wconf 85' lang='lat' dir='ltr'>quiddam</span> <span class='ocrx_word' id='word_1_4' title='bbox 467 371 535 434; x_wconf 89' lang='lat' dir='ltr'>fieri</span> <span class='ocrx_word' id='word_1_5' title='bbox 558 369 708 432; x_wconf 88' lang='lat' dir='ltr'>videatur</span> <span class='ocrx_word' id='word_1_6' title='bbox 728 367 771 432; x_wconf 90' lang='lat' dir='ltr'>ab</span> <span class='ocrx_word' id='word_1_7' title='bbox 794 369 943 433; x_wconf 90' lang='lat' dir='ltr'>omnibus</span> <span class='ocrx_word' id='word_1_8' title='bbox 966 392 1078 445; x_wconf 87' lang='lat' dir='ltr'>unum,</span> 
     </span>
    </p>
   </div>
   <div class='ocr_carea' id='block_1_3' title="bbox 231 477 1187 3445">
    <p class='ocr_par' dir='ltr' id='par_1_3' title="bbox 231 477 1133 664">
     <span class='ocr_line' id='line_1_3' title="bbox 232 477 1133 556; baseline -0.007 -15"><span class='ocrx_word' id='word_1_9' title='bbox 232 479 265 541; x_wconf 94' lang='lat' dir='ltr'>ni</span> <span class='ocrx_word' id='word_1_10' title='bbox 287 477 371 540; x_wconf 86' lang='lat' dir='ltr'>calor</span> <span class='ocrx_word' id='word_1_11' title='bbox 392 496 430 536; x_wconf 91' lang='lat' dir='ltr'>ae</span> <span class='ocrx_word' id='word_1_12' title='bbox 452 481 569 535; x_wconf 90' lang='lat' dir='ltr'>ventus</span> <span class='ocrx_word' id='word_1_13' title='bbox 591 492 734 534; x_wconf 89' lang='lat' dir='ltr'>seorsum</span> <span class='ocrx_word' id='word_1_14' title='bbox 758 492 965 555; x_wconf 86' lang='lat' dir='ltr'>seorsumque</span> <span class='ocrx_word' id='word_1_15' title='bbox 988 481 1133 556; x_wconf 86' lang='lat' dir='ltr'>potestas</span> 
     </span>
     <span class='ocr_line' id='line_1_4' title="bbox 231 554 1079 664; baseline -0.008 -20"><span class='ocrx_word' id='word_1_16' title='bbox 231 579 312 644; x_wconf 86' lang='lat' dir='ltr'>aeris</span> <span class='ocrx_word' id='word_1_17' title='bbox 335 578 531 640; x_wconf 71' lang='lat' dir='ltr'><strong>interemant</strong></span> <span class='ocrx_word' id='word_1_18' title='bbox 554 595 684 637; x_wconf 90' lang='lat' dir='ltr'>sensum</span> <span class='ocrx_word' id='word_1_19' title='bbox 706 573 903 656; x_wconf 72' lang='lat' dir='ltr'>diductaque</span> <span class='ocrx_word' id='word_1_20' title='bbox 927 554 1079 664; x_wconf 66' lang='lat' dir='ltr'>salvanti</span> 
     </span>
    </p>

    <p class='ocr_par' dir='ltr' id='par_1_4' title="bbox 232 677 1132 972">
     <span class='ocr_line' id='line_1_5' title="bbox 232 677 1132 760; baseline -0.007 -14"><span class='ocrx_word' id='word_1_21' title='bbox 232 691 281 746; x_wconf 89' lang='lat' dir='ltr'>est</span> <span class='ocrx_word' id='word_1_22' title='bbox 304 679 425 744; x_wconf 78' lang='lat' dir='ltr'><strong>etenim</strong></span> <span class='ocrx_word' id='word_1_23' title='bbox 448 678 533 741; x_wconf 88' lang='lat' dir='ltr'>calor</span> <span class='ocrx_word' id='word_1_24' title='bbox 555 677 609 740; x_wconf 91' lang='lat' dir='ltr'>ille</span> <span class='ocrx_word' id='word_1_25' title='bbox 631 677 748 752; x_wconf 89' lang='lat' dir='ltr'>anime,</span> <span class='ocrx_word' id='word_1_26' title='bbox 772 698 869 760; x_wconf 91' lang='lat' dir='ltr'>quem</span> <span class='ocrx_word' id='word_1_27' title='bbox 893 678 1003 752; x_wconf 89' lang='lat' dir='ltr'>sumit,</span> <span class='ocrx_word' id='word_1_28' title='bbox 1027 679 1061 741; x_wconf 92' lang='lat' dir='ltr'>in</span> <span class='ocrx_word' id='word_1_29' title='bbox 1085 678 1132 740; x_wconf 90' lang='lat' dir='ltr'>ira</span> 
     </span>
     <span class='ocr_line' id='line_1_6' title="bbox 232 780 1126 860; baseline -0.006 -12"><span class='ocrx_word' id='word_1_30' title='bbox 232 807 305 848; x_wconf 90' lang='lat' dir='ltr'>cum</span> <span class='ocrx_word' id='word_1_31' title='bbox 329 781 477 846; x_wconf 74' lang='lat' dir='ltr'>fervescit</span> <span class='ocrx_word' id='word_1_32' title='bbox 499 790 533 845; x_wconf 91' lang='lat' dir='ltr'>et</span> <span class='ocrx_word' id='word_1_33' title='bbox 556 802 596 844; x_wconf 86' lang='lat' dir='ltr'>ex</span> <span class='ocrx_word' id='word_1_34' title='bbox 619 780 719 844; x_wconf 91' lang='lat' dir='ltr'>oeulis</span> <span class='ocrx_word' id='word_1_35' title='bbox 741 780 841 843; x_wconf 89' lang='lat' dir='ltr'>micat</span> <span class='ocrx_word' id='word_1_36' title='bbox 864 781 992 845; x_wconf 87' lang='lat' dir='ltr'>aeribus</span> <span class='ocrx_word' id='word_1_37' title='bbox 1013 782 1126 860; x_wconf 82' lang='lat' dir='ltr'>ardor3</span> 
     </span>
     <span class='ocr_line' id='line_1_7' title="bbox 233 882 1039 972; baseline -0.005 -21"><span class='ocrx_word' id='word_1_38' title='bbox 233 896 282 951; x_wconf 89' lang='lat' dir='ltr'>est</span> <span class='ocrx_word' id='word_1_39' title='bbox 304 895 338 950; x_wconf 92' lang='lat' dir='ltr'>et</span> <span class='ocrx_word' id='word_1_40' title='bbox 361 884 478 972; x_wconf 82' lang='lat' dir='ltr'>frigida</span> <span class='ocrx_word' id='word_1_41' title='bbox 500 884 606 946; x_wconf 87' lang='lat' dir='ltr'>multa</span> <span class='ocrx_word' id='word_1_42' title='bbox 627 904 734 946; x_wconf 90' lang='lat' dir='ltr'>comes</span> <span class='ocrx_word' id='word_1_43' title='bbox 757 882 937 947; x_wconf 86' lang='lat' dir='ltr'>formidinis</span> <span class='ocrx_word' id='word_1_44' title='bbox 959 907 1039 947; x_wconf 87' lang='lat' dir='ltr'>aura</span> 
     </span>
    </p>

    <p class='ocr_par' dir='ltr' id='par_1_5' title="bbox 233 987 1116 1301">
     <span class='ocr_line' id='line_1_8' title="bbox 233 987 1116 1076; baseline -0.003 -21"><span class='ocrx_word' id='word_1_45' title='bbox 233 1013 315 1076; x_wconf 85' lang='lat' dir='ltr'>quae</span> <span class='ocrx_word' id='word_1_46' title='bbox 337 991 401 1054; x_wconf 90' lang='lat' dir='ltr'>ciet</span> <span class='ocrx_word' id='word_1_47' title='bbox 423 990 586 1054; x_wconf 89' lang='lat' dir='ltr'>horrorem</span> <span class='ocrx_word' id='word_1_48' title='bbox 608 987 762 1051; x_wconf 82' lang='lat' dir='ltr'>membris</span> <span class='ocrx_word' id='word_1_49' title='bbox 785 996 819 1050; x_wconf 89' lang='lat' dir='ltr'>et</span> <span class='ocrx_word' id='word_1_50' title='bbox 842 988 983 1052; x_wconf 86' lang='lat' dir='ltr'>eoncitat</span> <span class='ocrx_word' id='word_1_51' title='bbox 1005 996 1116 1068; x_wconf 87' lang='lat' dir='ltr'>artus;</span> 
     </span>
     <span class='ocr_line' id='line_1_9' title="bbox 234 1092 1008 1180; baseline -0.003 -20"><span class='ocrx_word' id='word_1_52' title='bbox 234 1104 283 1160; x_wconf 90' lang='lat' dir='ltr'>cst</span> <span class='ocrx_word' id='word_1_53' title='bbox 306 1097 404 1160; x_wconf 84' lang='lat' dir='ltr'>etiam</span> <span class='ocrx_word' id='word_1_54' title='bbox 428 1115 555 1180; x_wconf 92' lang='lat' dir='ltr'>quoque</span> <span class='ocrx_word' id='word_1_55' title='bbox 578 1093 685 1176; x_wconf 86' lang='lat' dir='ltr'>pacati</span> <span class='ocrx_word' id='word_1_56' title='bbox 707 1100 815 1156; x_wconf 89' lang='lat' dir='ltr'>status</span> <span class='ocrx_word' id='word_1_57' title='bbox 837 1093 921 1157; x_wconf 89' lang='lat' dir='ltr'>aeris</span> <span class='ocrx_word' id='word_1_58' title='bbox 944 1092 1008 1169; x_wconf 85' lang='lat' dir='ltr'>ille,</span> 
     </span>
     <span class='ocr_line' id='line_1_10' title="bbox 235 1183 1044 1301; baseline -0.002 -39"><span class='ocrx_word' id='word_1_59' title='bbox 235 1208 363 1283; x_wconf 76' lang='lat' dir='ltr'>pectore</span> <span class='ocrx_word' id='word_1_60' title='bbox 385 1197 560 1283; x_wconf 89' lang='lat' dir='ltr'>tranquillo</span> <span class='ocrx_word' id='word_1_61' title='bbox 584 1195 622 1259; x_wconf 91' lang='lat' dir='ltr'>fit</span> <span class='ocrx_word' id='word_1_62' title='bbox 645 1197 701 1280; x_wconf 91' lang='lat' dir='ltr'>qui</span> <span class='ocrx_word' id='word_1_63' title='bbox 724 1196 881 1281; x_wconf 88' lang='lat' dir='ltr'>voltuque</span> <span class='ocrx_word' id='word_1_64' title='bbox 904 1183 1044 1301; x_wconf 60' lang='lat' dir='ltr'>sereno}</span> 
     </span>
    </p>

    <p class='ocr_par' dir='ltr' id='par_1_6' title="bbox 236 1297 1042 1494">
     <span class='ocr_line' id='line_1_11' title="bbox 236 1297 1032 1385; baseline -0.003 -21"><span class='ocrx_word' id='word_1_65' title='bbox 236 1301 292 1364; x_wconf 91' lang='lat' dir='ltr'>scd</span> <span class='ocrx_word' id='word_1_66' title='bbox 314 1300 409 1364; x_wconf 87' lang='lat' dir='ltr'>calidi</span> <span class='ocrx_word' id='word_1_67' title='bbox 431 1299 506 1385; x_wconf 91' lang='lat' dir='ltr'>plus</span> <span class='ocrx_word' id='word_1_68' title='bbox 528 1306 578 1363; x_wconf 90' lang='lat' dir='ltr'>est</span> <span class='ocrx_word' id='word_1_69' title='bbox 601 1297 665 1362; x_wconf 90' lang='lat' dir='ltr'>illis</span> <span class='ocrx_word' id='word_1_70' title='bbox 688 1297 806 1382; x_wconf 90' lang='lat' dir='ltr'>quibus</span> <span class='ocrx_word' id='word_1_71' title='bbox 828 1297 914 1362; x_wconf 87' lang='lat' dir='ltr'>acria</span> <span class='ocrx_word' id='word_1_72' title='bbox 936 1298 1032 1362; x_wconf 87' lang='lat' dir='ltr'>corda</span> 
     </span>
     <span class='ocr_line' id='line_1_12' title="bbox 237 1386 1042 1494; baseline -0.001 -27"><span class='ocrx_word' id='word_1_73' title='bbox 237 1405 452 1490; x_wconf 82' lang='lat' dir='ltr'>iracundaque</span> <span class='ocrx_word' id='word_1_74' title='bbox 475 1424 566 1466; x_wconf 91' lang='lat' dir='ltr'>mens</span> <span class='ocrx_word' id='word_1_75' title='bbox 589 1401 681 1465; x_wconf 89' lang='lat' dir='ltr'>facile</span> <span class='ocrx_word' id='word_1_76' title='bbox 703 1400 885 1466; x_wconf 85' lang='lat' dir='ltr'>effervescit</span> <span class='ocrx_word' id='word_1_77' title='bbox 908 1402 943 1464; x_wconf 93' lang='lat' dir='ltr'>in</span> <span class='ocrx_word' id='word_1_78' title='bbox 966 1386 1042 1494; x_wconf 63' lang='lat' dir='ltr'>ira}</span> 
     </span>
    </p>

    <p class='ocr_par' dir='ltr' id='par_1_7' title="bbox 237 1505 1185 1902">
     <span class='ocr_line' id='line_1_13' title="bbox 237 1505 1108 1595; baseline -0.001 -24"><span class='ocrx_word' id='word_1_79' title='bbox 237 1531 300 1593; x_wconf 93' lang='lat' dir='ltr'>quo</span> <span class='ocrx_word' id='word_1_80' title='bbox 321 1530 439 1595; x_wconf 87' lang='lat' dir='ltr'>genere</span> <span class='ocrx_word' id='word_1_81' title='bbox 462 1507 497 1570; x_wconf 90' lang='lat' dir='ltr'>in</span> <span class='ocrx_word' id='word_1_82' title='bbox 520 1506 633 1591; x_wconf 87' lang='lat' dir='ltr'>primis</span> <span class='ocrx_word' id='word_1_83' title='bbox 657 1505 707 1569; x_wconf 89' lang='lat' dir='ltr'>vis</span> <span class='ocrx_word' id='word_1_84' title='bbox 730 1514 781 1569; x_wconf 89' lang='lat' dir='ltr'>est</span> <span class='ocrx_word' id='word_1_85' title='bbox 803 1506 947 1571; x_wconf 85' lang='lat' dir='ltr'>violenta</span> <span class='ocrx_word' id='word_1_86' title='bbox 970 1507 1108 1582; x_wconf 85' lang='lat' dir='ltr'>leonum,</span> 
     </span>
     <span class='ocr_line' id='line_1_14' title="bbox 237 1609 1185 1696; baseline -0.001 -22"><span class='ocrx_word' id='word_1_87' title='bbox 237 1620 366 1696; x_wconf 87' lang='lat' dir='ltr'>pectora</span> <span class='ocrx_word' id='word_1_88' title='bbox 389 1610 446 1695; x_wconf 92' lang='lat' dir='ltr'>qui</span> <span class='ocrx_word' id='word_1_89' title='bbox 468 1609 600 1674; x_wconf 87' lang='lat' dir='ltr'>fremitu</span> <span class='ocrx_word' id='word_1_90' title='bbox 623 1617 781 1693; x_wconf 90' lang='lat' dir='ltr'>rumpunt</span> <span class='ocrx_word' id='word_1_91' title='bbox 803 1609 995 1695; x_wconf 90' lang='lat' dir='ltr'>plerumque</span> <span class='ocrx_word' id='word_1_92' title='bbox 1017 1618 1185 1696; x_wconf 85' lang='lat' dir='ltr'>gementes</span> 
     </span>
     <span class='ocr_line' id='line_1_15' title="bbox 240 1689 1113 1799; baseline -0.001 -22"><span class='ocrx_word' id='word_1_93' title='bbox 240 1736 298 1778; x_wconf 92' lang='lat' dir='ltr'>nec</span> <span class='ocrx_word' id='word_1_94' title='bbox 320 1735 433 1799; x_wconf 85' lang='lat' dir='ltr'>capere</span> <span class='ocrx_word' id='word_1_95' title='bbox 455 1713 576 1776; x_wconf 88' lang='lat' dir='ltr'>irarum</span> <span class='ocrx_word' id='word_1_96' title='bbox 599 1711 718 1776; x_wconf 86' lang='lat' dir='ltr'>duetus</span> <span class='ocrx_word' id='word_1_97' title='bbox 740 1711 774 1775; x_wconf 93' lang='lat' dir='ltr'>in</span> <span class='ocrx_word' id='word_1_98' title='bbox 799 1720 929 1795; x_wconf 89' lang='lat' dir='ltr'>pectore</span> <span class='ocrx_word' id='word_1_99' title='bbox 950 1689 1113 1798; x_wconf 62' lang='lat' dir='ltr'>possunt}</span> 
     </span>
     <span class='ocr_line' id='line_1_16' title="bbox 239 1815 1073 1902; baseline 0 -22"><span class='ocrx_word' id='word_1_100' title='bbox 239 1826 273 1881; x_wconf 89' lang='lat' dir='ltr'>at</span> <span class='ocrx_word' id='word_1_101' title='bbox 295 1825 430 1880; x_wconf 87' lang='lat' dir='ltr'>ventosa</span> <span class='ocrx_word' id='word_1_102' title='bbox 452 1815 556 1902; x_wconf 85' lang='lat' dir='ltr'>magis</span> <span class='ocrx_word' id='word_1_103' title='bbox 578 1837 745 1879; x_wconf 90' lang='lat' dir='ltr'>cervorum</span> <span class='ocrx_word' id='word_1_104' title='bbox 769 1815 887 1901; x_wconf 83' lang='lat' dir='ltr'>frigida</span> <span class='ocrx_word' id='word_1_105' title='bbox 909 1839 1000 1881; x_wconf 90' lang='lat' dir='ltr'>meus</span> <span class='ocrx_word' id='word_1_106' title='bbox 1022 1825 1073 1880; x_wconf 87' lang='lat' dir='ltr'>est</span> 
     </span>
    </p>

    <p class='ocr_par' dir='ltr' id='par_1_8' title="bbox 239 1918 1045 2006">
     <span class='ocr_line' id='line_1_17' title="bbox 239 1918 1045 2006; baseline -0.002 -22"><span class='ocrx_word' id='word_1_107' title='bbox 239 1935 273 1984; x_wconf 89' lang='lat' dir='ltr'>et</span> <span class='ocrx_word' id='word_1_108' title='bbox 293 1918 417 2006; x_wconf 83' lang='lat' dir='ltr'>gelidas</span> <span class='ocrx_word' id='word_1_109' title='bbox 440 1918 538 1982; x_wconf 87' lang='lat' dir='ltr'>citius</span> <span class='ocrx_word' id='word_1_110' title='bbox 560 1939 618 2002; x_wconf 90' lang='lat' dir='ltr'>per</span> <span class='ocrx_word' id='word_1_111' title='bbox 640 1918 764 1982; x_wconf 87' lang='lat' dir='ltr'>viscera</span> <span class='ocrx_word' id='word_1_112' title='bbox 786 1918 928 1984; x_wconf 86' lang='lat' dir='ltr'>eoncitat</span> <span class='ocrx_word' id='word_1_113' title='bbox 950 1940 1045 1983; x_wconf 86' lang='lat' dir='ltr'>auras</span> 
     </span>
    </p>

    <p class='ocr_par' dir='ltr' id='par_1_9' title="bbox 238 2021 1161 2211">
     <span class='ocr_line' id='line_1_18' title="bbox 239 2021 1161 2107; baseline 0.002 -21"><span class='ocrx_word' id='word_1_114' title='bbox 239 2045 322 2107; x_wconf 89' lang='lat' dir='ltr'>quae</span> <span class='ocrx_word' id='word_1_115' title='bbox 344 2022 519 2086; x_wconf 87' lang='lat' dir='ltr'>tremulum</span> <span class='ocrx_word' id='word_1_116' title='bbox 542 2021 665 2086; x_wconf 90' lang='lat' dir='ltr'>faciunt</span> <span class='ocrx_word' id='word_1_117' title='bbox 689 2023 842 2086; x_wconf 86' lang='lat' dir='ltr'>membris</span> <span class='ocrx_word' id='word_1_118' title='bbox 865 2023 1004 2088; x_wconf 87' lang='lat' dir='ltr'>existere</span> <span class='ocrx_word' id='word_1_119' title='bbox 1028 2032 1161 2088; x_wconf 92' lang='lat' dir='ltr'>motum.</span> 
     </span>
     <span class='ocr_line' id='line_1_19' title="bbox 238 2124 1014 2211; baseline 0 -21"><span class='ocrx_word' id='word_1_120' title='bbox 238 2135 273 2190; x_wconf 88' lang='lat' dir='ltr'>at</span> <span class='ocrx_word' id='word_1_121' title='bbox 296 2136 412 2190; x_wconf 91' lang='lat' dir='ltr'>natura</span> <span class='ocrx_word' id='word_1_122' title='bbox 432 2125 530 2190; x_wconf 91' lang='lat' dir='ltr'>boum</span> <span class='ocrx_word' id='word_1_123' title='bbox 554 2125 679 2210; x_wconf 89' lang='lat' dir='ltr'>placido</span> <span class='ocrx_word' id='word_1_124' title='bbox 702 2124 805 2211; x_wconf 86' lang='lat' dir='ltr'>magis</span> <span class='ocrx_word' id='word_1_125' title='bbox 827 2147 901 2190; x_wconf 90' lang='lat' dir='ltr'>aere</span> <span class='ocrx_word' id='word_1_126' title='bbox 924 2126 1014 2204; x_wconf 86' lang='lat' dir='ltr'>vivit,</span> 
     </span>
    </p>

    <p class='ocr_par' dir='ltr' id='par_1_10' title="bbox 242 2227 1039 2418">
     <span class='ocr_line' id='line_1_20' title="bbox 242 2227 1034 2314; baseline 0.001 -22"><span class='ocrx_word' id='word_1_127' title='bbox 242 2252 299 2293; x_wconf 91' lang='lat' dir='ltr'>nee</span> <span class='ocrx_word' id='word_1_128' title='bbox 322 2228 418 2292; x_wconf 89' lang='lat' dir='ltr'>nimis</span> <span class='ocrx_word' id='word_1_129' title='bbox 440 2229 501 2292; x_wconf 89' lang='lat' dir='ltr'>irai</span> <span class='ocrx_word' id='word_1_130' title='bbox 524 2228 576 2291; x_wconf 88' lang='lat' dir='ltr'>fax</span> <span class='ocrx_word' id='word_1_131' title='bbox 599 2250 755 2312; x_wconf 91' lang='lat' dir='ltr'>umquam</span> <span class='ocrx_word' id='word_1_132' title='bbox 778 2227 910 2293; x_wconf 88' lang='lat' dir='ltr'>subdita</span> <span class='ocrx_word' id='word_1_133' title='bbox 932 2230 1034 2314; x_wconf 90' lang='lat' dir='ltr'>percit</span> 
     </span>
     <span class='ocr_line' id='line_1_21' title="bbox 243 2330 1039 2418; baseline 0.001 -23"><span class='ocrx_word' id='word_1_134' title='bbox 243 2331 373 2408; x_wconf 90' lang='lat' dir='ltr'>fumida,</span> <span class='ocrx_word' id='word_1_135' title='bbox 396 2330 585 2394; x_wconf 88' lang='lat' dir='ltr'>suffundens</span> <span class='ocrx_word' id='word_1_136' title='bbox 607 2352 720 2395; x_wconf 87' lang='lat' dir='ltr'>caecae</span> <span class='ocrx_word' id='word_1_137' title='bbox 743 2331 892 2418; x_wconf 85' lang='lat' dir='ltr'>caliginis</span> <span class='ocrx_word' id='word_1_138' title='bbox 915 2332 1039 2409; x_wconf 89' lang='lat' dir='ltr'>umbra,</span> 
     </span>
    </p>

    <p class='ocr_par' dir='ltr' id='par_1_11' title="bbox 244 2433 982 2520">
     <span class='ocr_line' id='line_1_22' title="bbox 244 2433 982 2520; baseline 0.001 -22"><span class='ocrx_word' id='word_1_139' title='bbox 244 2457 303 2498; x_wconf 89' lang='lat' dir='ltr'>nee</span> <span class='ocrx_word' id='word_1_140' title='bbox 325 2434 440 2519; x_wconf 84' lang='lat' dir='ltr'>gelidis</span> <span class='ocrx_word' id='word_1_141' title='bbox 462 2441 570 2518; x_wconf 85' lang='lat' dir='ltr'>torpet</span> <span class='ocrx_word' id='word_1_142' title='bbox 593 2433 668 2497; x_wconf 91' lang='lat' dir='ltr'>telis</span> <span class='ocrx_word' id='word_1_143' title='bbox 690 2433 982 2520; x_wconf 88' lang='lat' dir='ltr'>perfixa-pavoris:</span> 
     </span>
    </p>

    <p class='ocr_par' dir='ltr' id='par_1_12' title="bbox 244 2509 1187 2946">
     <span class='ocr_line' id='line_1_23' title="bbox 244 2509 1122 2633; baseline 0.003 -34"><span class='ocrx_word' id='word_1_144' title='bbox 244 2537 330 2600; x_wconf 92' lang='lat' dir='ltr'>inter</span> <span class='ocrx_word' id='word_1_145' title='bbox 352 2543 505 2621; x_wconf 88' lang='lat' dir='ltr'>utrosque</span> <span class='ocrx_word' id='word_1_146' title='bbox 527 2536 632 2614; x_wconf 86' lang='lat' dir='ltr'>sitast,</span> <span class='ocrx_word' id='word_1_147' title='bbox 654 2557 763 2600; x_wconf 86' lang='lat' dir='ltr'>cervos</span> <span class='ocrx_word' id='word_1_148' title='bbox 786 2559 961 2623; x_wconf 89' lang='lat' dir='ltr'>saevosque</span> <span class='ocrx_word' id='word_1_149' title='bbox 984 2509 1122 2633; x_wconf 64' lang='lat' dir='ltr'>leones}</span> 
     </span>
     <span class='ocr_line' id='line_1_24' title="bbox 244 2610 1187 2750; baseline 0.002 -47"><span class='ocrx_word' id='word_1_150' title='bbox 244 2639 289 2703; x_wconf 89' lang='lat' dir='ltr'>sic</span> <span class='ocrx_word' id='word_1_151' title='bbox 311 2639 479 2702; x_wconf 81' lang='lat' dir='ltr'>hominum</span> <span class='ocrx_word' id='word_1_152' title='bbox 501 2660 604 2724; x_wconf 84' lang='lat' dir='ltr'>genus</span> <span class='ocrx_word' id='word_1_153' title='bbox 626 2610 710 2750; x_wconf 61' lang='lat' dir='ltr'>estl</span> <span class='ocrx_word' id='word_1_154' title='bbox 730 2639 878 2723; x_wconf 90' lang='lat' dir='ltr'>quamvis</span> <span class='ocrx_word' id='word_1_155' title='bbox 901 2640 1048 2705; x_wconf 88' lang='lat' dir='ltr'>doctrina</span> <span class='ocrx_word' id='word_1_156' title='bbox 1070 2641 1187 2725; x_wconf 89' lang='lat' dir='ltr'>politos</span> 
     </span>
     <span class='ocr_line' id='line_1_25' title="bbox 245 2741 1144 2829; baseline 0.002 -23"><span class='ocrx_word' id='word_1_157' title='bbox 245 2743 422 2808; x_wconf 89' lang='lat' dir='ltr'>constituat</span> <span class='ocrx_word' id='word_1_158' title='bbox 444 2742 565 2827; x_wconf 89' lang='lat' dir='ltr'>pariter</span> <span class='ocrx_word' id='word_1_159' title='bbox 587 2741 751 2826; x_wconf 90' lang='lat' dir='ltr'>quosdam,</span> <span class='ocrx_word' id='word_1_160' title='bbox 775 2751 886 2808; x_wconf 90' lang='lat' dir='ltr'>tamen</span> <span class='ocrx_word' id='word_1_161' title='bbox 908 2744 965 2808; x_wconf 87' lang='lat' dir='ltr'>illa</span> <span class='ocrx_word' id='word_1_162' title='bbox 987 2742 1144 2829; x_wconf 88' lang='lat' dir='ltr'>relinquit</span> 
     </span>
     <span class='ocr_line' id='line_1_26' title="bbox 245 2835 994 2946; baseline 0.005 -38"><span class='ocrx_word' id='word_1_163' title='bbox 245 2855 379 2911; x_wconf 86' lang='lat' dir='ltr'>naturae</span> <span class='ocrx_word' id='word_1_164' title='bbox 402 2844 558 2930; x_wconf 88' lang='lat' dir='ltr'>cuiusque</span> <span class='ocrx_word' id='word_1_165' title='bbox 580 2844 682 2908; x_wconf 87' lang='lat' dir='ltr'>animi</span> <span class='ocrx_word' id='word_1_166' title='bbox 704 2844 843 2930; x_wconf 88' lang='lat' dir='ltr'>vestigia</span> <span class='ocrx_word' id='word_1_167' title='bbox 865 2835 994 2946; x_wconf 62' lang='lat' dir='ltr'>prima}</span> 
     </span>
    </p>

    <p class='ocr_par' dir='ltr' id='par_1_13' title="bbox 246 2946 1079 3132">
     <span class='ocr_line' id='line_1_27' title="bbox 246 2946 1079 3036; baseline 0.002 -26"><span class='ocrx_word' id='word_1_168' title='bbox 246 2970 304 3012; x_wconf 90' lang='lat' dir='ltr'>nec</span> <span class='ocrx_word' id='word_1_169' title='bbox 326 2947 480 3036; x_wconf 87' lang='lat' dir='ltr'>radicitus</span> <span class='ocrx_word' id='word_1_170' title='bbox 502 2946 598 3010; x_wconf 91' lang='lat' dir='ltr'>evelli</span> <span class='ocrx_word' id='word_1_171' title='bbox 620 2947 706 3010; x_wconf 88' lang='lat' dir='ltr'>mala</span> <span class='ocrx_word' id='word_1_172' title='bbox 728 2970 821 3033; x_wconf 92' lang='lat' dir='ltr'>posse</span> <span class='ocrx_word' id='word_1_173' title='bbox 843 2950 1079 3034; x_wconf 60' lang='lat' dir='ltr'>putandumst,⁴</span> 
     </span>
     <span class='ocr_line' id='line_1_28' title="bbox 246 3046 1031 3132; baseline 0.004 -22"><span class='ocrx_word' id='word_1_174' title='bbox 246 3047 324 3132; x_wconf 91' lang='lat' dir='ltr'>quin</span> <span class='ocrx_word' id='word_1_175' title='bbox 346 3046 518 3132; x_wconf 90' lang='lat' dir='ltr'>proclivius</span> <span class='ocrx_word' id='word_1_176' title='bbox 541 3046 594 3110; x_wconf 93' lang='lat' dir='ltr'>hic</span> <span class='ocrx_word' id='word_1_177' title='bbox 617 3047 680 3110; x_wconf 90' lang='lat' dir='ltr'>iras</span> <span class='ocrx_word' id='word_1_178' title='bbox 702 3047 854 3112; x_wconf 87' lang='lat' dir='ltr'>decurrat</span> <span class='ocrx_word' id='word_1_179' title='bbox 875 3049 918 3113; x_wconf 86' lang='lat' dir='ltr'>ad</span> <span class='ocrx_word' id='word_1_180' title='bbox 940 3050 1031 3124; x_wconf 89' lang='lat' dir='ltr'>aeris,</span> 
     </span>
    </p>

    <p class='ocr_par' dir='ltr' id='par_1_14' title="bbox 247 3148 1000 3234">
     <span class='ocr_line' id='line_1_29' title="bbox 247 3148 1000 3234; baseline 0.003 -21"><span class='ocrx_word' id='word_1_181' title='bbox 247 3150 300 3214; x_wconf 88' lang='lat' dir='ltr'>ille</span> <span class='ocrx_word' id='word_1_182' title='bbox 323 3157 412 3213; x_wconf 92' lang='lat' dir='ltr'>metu</span> <span class='ocrx_word' id='word_1_183' title='bbox 435 3148 533 3213; x_wconf 88' lang='lat' dir='ltr'>citius</span> <span class='ocrx_word' id='word_1_184' title='bbox 554 3149 651 3233; x_wconf 88' lang='lat' dir='ltr'>paulo</span> <span class='ocrx_word' id='word_1_185' title='bbox 674 3157 864 3234; x_wconf 88' lang='lat' dir='ltr'>temptetur,</span> <span class='ocrx_word' id='word_1_186' title='bbox 886 3161 923 3215; x_wconf 90' lang='lat' dir='ltr'>at</span> <span class='ocrx_word' id='word_1_187' title='bbox 945 3152 1000 3216; x_wconf 89' lang='lat' dir='ltr'>ille</span> 
     </span>
    </p>

    <p class='ocr_par' dir='ltr' id='par_1_15' title="bbox 247 3228 1080 3445">
     <span class='ocr_line' id='line_1_30' title="bbox 247 3228 1080 3344; baseline 0 -26"><span class='ocrx_word' id='word_1_188' title='bbox 247 3253 364 3318; x_wconf 89' lang='lat' dir='ltr'>tertius</span> <span class='ocrx_word' id='word_1_189' title='bbox 384 3251 523 3336; x_wconf 87' lang='lat' dir='ltr'>accipiat</span> <span class='ocrx_word' id='word_1_190' title='bbox 546 3252 705 3337; x_wconf 90' lang='lat' dir='ltr'>quaedam</span> <span class='ocrx_word' id='word_1_191' title='bbox 727 3253 921 3318; x_wconf 87' lang='lat' dir='ltr'>clementius</span> <span class='ocrx_word' id='word_1_192' title='bbox 943 3228 1080 3344; x_wconf 71' lang='lat' dir='ltr'>aequal</span> 
     </span>
     <span class='ocr_line' id='line_1_31' title="bbox 248 3356 1029 3445; baseline 0.001 -24"><span class='ocrx_word' id='word_1_193' title='bbox 248 3360 344 3445; x_wconf 91' lang='lat' dir='ltr'>inque</span> <span class='ocrx_word' id='word_1_194' title='bbox 367 3357 439 3421; x_wconf 89' lang='lat' dir='ltr'>aliis</span> <span class='ocrx_word' id='word_1_195' title='bbox 461 3357 557 3422; x_wconf 89' lang='lat' dir='ltr'>rebus</span> <span class='ocrx_word' id='word_1_196' title='bbox 581 3356 694 3420; x_wconf 90' lang='lat' dir='ltr'>multis</span> <span class='ocrx_word' id='word_1_197' title='bbox 716 3357 845 3421; x_wconf 86' lang='lat' dir='ltr'>differre</span> <span class='ocrx_word' id='word_1_198' title='bbox 867 3367 1029 3423; x_wconf 88' lang='lat' dir='ltr'>necessest</span> 
     </span>
    </p>
   </div>
   <div class='ocr_carea' id='block_1_4' title="bbox 157 3533 1369 4005">
    <p class='ocr_par' dir='ltr' id='par_1_16' title="bbox 157 3533 1369 4005">
     <span class='ocr_line' id='line_1_32' title="bbox 163 3533 1367 3598; baseline -0.003 -12"><span class='ocrx_word' id='word_1_199' title='bbox 163 3553 179 3587; x_wconf 85' lang='lat' dir='ltr'>a</span> <span class='ocrx_word' id='word_1_200' title='bbox 201 3551 336 3598; x_wconf 84' lang='lat' dir='ltr'>necessary</span> <span class='ocrx_word' id='word_1_201' title='bbox 356 3535 462 3597; x_wconf 84' lang='lat' dir='ltr'>change.</span> <span class='ocrx_word' id='word_1_202' title='bbox 495 3535 576 3585; x_wconf 82' lang='lat' dir='ltr'>Lech.</span> <span class='ocrx_word' id='word_1_203' title='bbox 600 3533 697 3596; x_wconf 85' lang='lat' dir='ltr'>rightly</span> <span class='ocrx_word' id='word_1_204' title='bbox 713 3534 813 3584; x_wconf 87' lang='lat' dir='ltr'>follows</span> <span class='ocrx_word' id='word_1_205' title='bbox 834 3536 920 3587; x_wconf 89' lang='lat' dir='ltr'>Bentl.</span> <span class='ocrx_word' id='word_1_206' title='bbox 941 3536 969 3584; x_wconf 86' lang='lat' dir='ltr'>in</span> <span class='ocrx_word' id='word_1_207' title='bbox 991 3535 1094 3598; x_wconf 79' lang='lat' dir='ltr'>joining</span> <span class='ocrx_word' id='word_1_208' title='bbox 1116 3539 1144 3584; x_wconf 82' lang='lat' dir='ltr'>io</span> <span class='ocrx_word' id='word_1_209' title='bbox 1166 3538 1207 3584; x_wconf 82' lang='lat' dir='ltr'>ira</span> <span class='ocrx_word' id='word_1_210' title='bbox 1226 3535 1287 3584; x_wconf 77' lang='lat' dir='ltr'>with</span> <span class='ocrx_word' id='word_1_211' title='bbox 1307 3537 1367 3583; x_wconf 80' lang='lat' dir='ltr'>Cora</span> 
     </span>
     <span class='ocr_line' id='line_1_33' title="bbox 157 3614 1366 3681; baseline -0.005 -13"><span class='ocrx_word' id='word_1_212' title='bbox 157 3620 287 3681; x_wconf 79' lang='lat' dir='ltr'>fervescit.</span> <span class='ocrx_word' id='word_1_213' title='bbox 386 3617 433 3666; x_wconf 80' lang='lat'>289</span> <span class='ocrx_word' id='word_1_214' title='bbox 450 3615 548 3664; x_wconf 72' lang='lat' dir='ltr'>acribia</span> <span class='ocrx_word' id='word_1_215' title='bbox 560 3614 650 3665; x_wconf 87' lang='lat' dir='ltr'>Lamb.</span> <span class='ocrx_word' id='word_1_216' title='bbox 666 3614 705 3663; x_wconf 89' lang='lat' dir='ltr'>ed.</span> <span class='ocrx_word' id='word_1_217' title='bbox 723 3617 737 3663; x_wconf 83' lang='lat'><strong>2</strong></span> <span class='ocrx_word' id='word_1_218' title='bbox 755 3615 808 3664; x_wconf 85' lang='lat' dir='ltr'>and</span> <span class='ocrx_word' id='word_1_219' title='bbox 826 3617 840 3664; x_wconf 84' lang='lat'><strong>3</strong></span> <span class='ocrx_word' id='word_1_220' title='bbox 858 3617 899 3664; x_wconf 84' lang='lat' dir='ltr'>for</span> <span class='ocrx_word' id='word_1_221' title='bbox 915 3619 1007 3666; x_wconf 67' lang='lat' dir='ltr'>actim</span> <span class='ocrx_word' id='word_1_222' title='bbox 1111 3617 1160 3666; x_wconf 80' lang='grc'>200</span> <span class='ocrx_word' id='word_1_223' title='bbox 1176 3623 1208 3664; x_wconf 86' lang='lat' dir='ltr'>et.</span> <span class='ocrx_word' id='word_1_224' title='bbox 1242 3630 1272 3665; x_wconf 86' lang='lat' dir='ltr'>ea</span> <span class='ocrx_word' id='word_1_225' title='bbox 1288 3615 1366 3664; x_wconf 82' lang='lat' dir='ltr'>Lech.</span> 
     </span>
     <span class='ocr_line' id='line_1_34' title="bbox 164 3696 1366 3771; baseline -0.004 -22"><span class='ocrx_word' id='word_1_226' title='bbox 164 3701 304 3749; x_wconf 78' lang='lat' dir='ltr'>intulerant</span> <span class='ocrx_word' id='word_1_227' title='bbox 316 3700 343 3748; x_wconf 84' lang='lat' dir='ltr'>of</span> <span class='ocrx_word' id='word_1_228' title='bbox 353 3707 377 3748; x_wconf 86' lang='lat' dir='ltr'>et</span> <span class='ocrx_word' id='word_1_229' title='bbox 388 3698 429 3747; x_wconf 88' lang='lat' dir='ltr'>for</span> <span class='ocrx_word' id='word_1_230' title='bbox 439 3701 525 3748; x_wconf 80' lang='lat' dir='ltr'>etiam.</span> <span class='ocrx_word' id='word_1_231' title='bbox 624 3698 671 3748; x_wconf 79' lang='lat'>293</span> <span class='ocrx_word' id='word_1_232' title='bbox 683 3699 718 3759; x_wconf 84' lang='lat' dir='ltr'>fit</span> <span class='ocrx_word' id='word_1_233' title='bbox 729 3700 783 3760; x_wconf 84' lang='lat' dir='ltr'>qai.</span> <span class='ocrx_word' id='word_1_234' title='bbox 817 3702 864 3761; x_wconf 78' lang='lat' dir='ltr'>qui</span> <span class='ocrx_word' id='word_1_235' title='bbox 875 3700 910 3760; x_wconf 81' lang='lat' dir='ltr'>fit</span> <span class='ocrx_word' id='word_1_236' title='bbox 922 3699 988 3747; x_wconf 86' lang='lat' dir='ltr'>Mar.</span> <span class='ocrx_word' id='word_1_237' title='bbox 1000 3697 1086 3771; x_wconf 46' lang='lat' dir='ltr'>trop</span> <span class='ocrx_word' id='word_1_238' title='bbox 1099 3698 1173 3746; x_wconf 77' lang='lat' dir='ltr'>tunt.</span> <span class='ocrx_word' id='word_1_239' title='bbox 1185 3696 1261 3759; x_wconf 84' lang='lat' dir='ltr'>vulgo</span> <span class='ocrx_word' id='word_1_240' title='bbox 1272 3697 1366 3746; x_wconf 80' lang='lat' dir='ltr'>Lech:</span> 
     </span>
     <span class='ocr_line' id='line_1_35' title="bbox 164 3777 1368 3840; baseline -0.004 -11"><span class='ocrx_word' id='word_1_241' title='bbox 164 3781 212 3830; x_wconf 90' lang='lat' dir='ltr'>but</span> <span class='ocrx_word' id='word_1_242' title='bbox 229 3795 269 3830; x_wconf 85' lang='lat' dir='ltr'>sec</span> <span class='ocrx_word' id='word_1_243' title='bbox 286 3783 360 3828; x_wconf 87' lang='lat' dir='ltr'>notes</span> <span class='ocrx_word' id='word_1_244' title='bbox 377 3781 400 3829; x_wconf 84' lang='lat'>2.</span> <span class='ocrx_word' id='word_1_245' title='bbox 494 3780 541 3829; x_wconf 80' lang='lat'>298</span> <span class='ocrx_word' id='word_1_246' title='bbox 558 3778 581 3826; x_wconf 91' lang='lat' dir='ltr'>is</span> <span class='ocrx_word' id='word_1_247' title='bbox 598 3777 687 3840; x_wconf 84' lang='lat' dir='ltr'>placed</span> <span class='ocrx_word' id='word_1_248' title='bbox 704 3779 737 3840; x_wconf 89' lang='lat' dir='ltr'>by</span> <span class='ocrx_word' id='word_1_249' title='bbox 753 3778 833 3829; x_wconf 79' lang='lat' dir='ltr'>Lech.</span> <span class='ocrx_word' id='word_1_250' title='bbox 854 3780 939 3828; x_wconf 84' lang='lat' dir='ltr'>before</span> <span class='ocrx_word' id='word_1_251' title='bbox 956 3779 1004 3830; x_wconf 80' lang='lat'>296</span> <span class='ocrx_word' id='word_1_252' title='bbox 1021 3778 1133 3828; x_wconf 83' lang='lat' dir='ltr'>without</span> <span class='ocrx_word' id='word_1_253' title='bbox 1149 3791 1232 3826; x_wconf 83' lang='lat' dir='ltr'>cause.</span> <span class='ocrx_word' id='word_1_254' title='bbox 1321 3777 1368 3825; x_wconf 86' lang='grc'>303</span> 
     </span>
     <span class='ocr_line' id='line_1_36' title="bbox 165 3860 1369 3921; baseline -0.005 -9"><span class='ocrx_word' id='word_1_255' title='bbox 165 3865 240 3912; x_wconf 80' lang='lat' dir='ltr'>nimis</span> <span class='ocrx_word' id='word_1_256' title='bbox 250 3863 317 3912; x_wconf 84' lang='lat' dir='ltr'>Flor.</span> <span class='ocrx_word' id='word_1_257' title='bbox 330 3863 361 3911; x_wconf 92' lang='grc'>31</span> <span class='ocrx_word' id='word_1_258' title='bbox 373 3861 464 3911; x_wconf 75' lang='lat' dir='ltr'>(lamb.</span> <span class='ocrx_word' id='word_1_259' title='bbox 476 3861 534 3910; x_wconf 85' lang='lat' dir='ltr'>Vat.</span> <span class='ocrx_word' id='word_1_260' title='bbox 547 3861 611 3911; x_wconf 87' lang='grc'>1954</span> <span class='ocrx_word' id='word_1_261' title='bbox 623 3860 718 3910; x_wconf 89' lang='lat' dir='ltr'>Othob.</span> <span class='ocrx_word' id='word_1_262' title='bbox 731 3861 794 3912; x_wconf 86' lang='lat' dir='ltr'>Mar.</span> <span class='ocrx_word' id='word_1_263' title='bbox 810 3862 850 3910; x_wconf 90' lang='lat' dir='ltr'>for</span> <span class='ocrx_word' id='word_1_264' title='bbox 860 3865 950 3912; x_wconf 81' lang='lat' dir='ltr'>mittas.</span> <span class='ocrx_word' id='word_1_265' title='bbox 1048 3862 1096 3910; x_wconf 88' lang='grc'>304</span> <span class='ocrx_word' id='word_1_266' title='bbox 1107 3861 1215 3909; x_wconf 82' lang='lat' dir='ltr'>Fumida</span> <span class='ocrx_word' id='word_1_267' title='bbox 1225 3861 1369 3921; x_wconf 76' lang='lat' dir='ltr'>suffundens</span> 
     </span>
     <span class='ocr_line' id='line_1_37' title="bbox 165 3941 1369 4005; baseline -0.005 -10"><span class='ocrx_word' id='word_1_268' title='bbox 165 3945 233 3996; x_wconf 85' lang='lat' dir='ltr'>Flor.</span> <span class='ocrx_word' id='word_1_269' title='bbox 255 3942 829 4005; x_wconf 53' lang='grc' dir='ltr'>310013.ωηῐοτὶάηιῐααεεχῐιιηᾱειω.</span> <span class='ocrx_word' id='word_1_270' title='bbox 864 3947 952 3993; x_wconf 74' lang='lat' dir='ltr'>onera</span> <span class='ocrx_word' id='word_1_271' title='bbox 967 3944 998 3992; x_wconf 92' lang='lat' dir='ltr'>B.</span> <span class='ocrx_word' id='word_1_272' title='bbox 1032 3944 1144 3991; x_wconf 82' lang='lat' dir='ltr'>ambram</span> <span class='ocrx_word' id='word_1_273' title='bbox 1158 3942 1181 3989; x_wconf 80' lang='lat' dir='ltr'>A</span> <span class='ocrx_word' id='word_1_274' title='bbox 1195 3941 1265 3990; x_wconf 86' lang='lat' dir='ltr'>Nice.</span> <span class='ocrx_word' id='word_1_275' title='bbox 1282 3941 1369 3989; x_wconf 85' lang='lat' dir='ltr'>Gamb.</span> 
     </span>
    </p>
   </div>
   <div class='ocr_carea' id='block_1_5' title="bbox 65 4024 1370 4089">
    <p class='ocr_par' dir='ltr' id='par_1_17' title="bbox 65 4024 1370 4089">
     <span class='ocr_line' id='line_1_38' title="bbox 65 4024 1370 4089; baseline -0.005 -11"><span class='ocrx_word' id='word_1_276' title='bbox 65 4046 68 4050; x_wconf 58' lang='lat'><strong><em>⁴</em></strong></span> <span class='ocrx_word' id='word_1_277' title='bbox 166 4027 250 4077; x_wconf 83' lang='lat' dir='ltr'>which</span> <span class='ocrx_word' id='word_1_278' title='bbox 266 4041 326 4089; x_wconf 84' lang='lat' dir='ltr'>may</span> <span class='ocrx_word' id='word_1_279' title='bbox 343 4026 373 4075; x_wconf 89' lang='lat' dir='ltr'>be</span> <span class='ocrx_word' id='word_1_280' title='bbox 389 4024 472 4087; x_wconf 80' lang='lat' dir='ltr'>right:</span> <span class='ocrx_word' id='word_1_281' title='bbox 496 4039 581 4086; x_wconf 90' lang='lat' dir='ltr'>comp.</span> <span class='ocrx_word' id='word_1_282' title='bbox 599 4024 683 4075; x_wconf 82' lang='lat' dir='ltr'>Plaut.</span> <span class='ocrx_word' id='word_1_283' title='bbox 704 4024 761 4074; x_wconf 87' lang='lat' dir='ltr'>rud.</span> <span class='ocrx_word' id='word_1_284' title='bbox 780 4027 827 4074; x_wconf 80' lang='lat'>588</span> <span class='ocrx_word' id='word_1_285' title='bbox 846 4027 927 4086; x_wconf 79' lang='lat' dir='ltr'>Quasi</span> <span class='ocrx_word' id='word_1_286' title='bbox 943 4027 1011 4074; x_wconf 79' lang='lat' dir='ltr'>vinis</span> <span class='ocrx_word' id='word_1_287' title='bbox 1033 4026 1137 4074; x_wconf 83' lang='lat' dir='ltr'>Graecis</span> <span class='ocrx_word' id='word_1_288' title='bbox 1154 4025 1284 4086; x_wconf 81' lang='lat' dir='ltr'>Neptunus</span> <span class='ocrx_word' id='word_1_289' title='bbox 1301 4025 1370 4073; x_wconf 80' lang='lat' dir='ltr'>uobis</span> 
     </span>
    </p>
   </div>
   <div class='ocr_carea' id='block_1_6' title="bbox 166 4105 1373 4414">
    <p class='ocr_par' dir='ltr' id='par_1_18' title="bbox 166 4105 1373 4414">
     <span class='ocr_line' id='line_1_39' title="bbox 166 4105 1370 4174; baseline -0.006 -15"><span class='ocrx_word' id='word_1_290' title='bbox 166 4111 271 4174; x_wconf 79' lang='lat' dir='ltr'>suffudit</span> <span class='ocrx_word' id='word_1_291' title='bbox 282 4124 356 4158; x_wconf 70' lang='lat' dir='ltr'>artare.</span> <span class='ocrx_word' id='word_1_292' title='bbox 454 4108 502 4157; x_wconf 86' lang='grc'>305</span> <span class='ocrx_word' id='word_1_293' title='bbox 510 4109 614 4171; x_wconf 83' lang='lat' dir='ltr'>pavoris</span> <span class='ocrx_word' id='word_1_294' title='bbox 627 4106 691 4155; x_wconf 83' lang='lat' dir='ltr'>Mor.</span> <span class='ocrx_word' id='word_1_295' title='bbox 704 4105 762 4154; x_wconf 79' lang='lat' dir='ltr'>Ala</span> <span class='ocrx_word' id='word_1_296' title='bbox 776 4109 790 4155; x_wconf 96' lang='grc'><strong>1</strong></span> <span class='ocrx_word' id='word_1_297' title='bbox 801 4107 874 4158; x_wconf 83' lang='lat' dir='ltr'>Junt.</span> <span class='ocrx_word' id='word_1_298' title='bbox 890 4107 929 4156; x_wconf 84' lang='lat' dir='ltr'>for</span> <span class='ocrx_word' id='word_1_299' title='bbox 941 4109 1051 4169; x_wconf 81' lang='lat' dir='ltr'>vaporis.</span> <span class='ocrx_word' id='word_1_300' title='bbox 1152 4106 1199 4154; x_wconf 89' lang='grc'>306</span> <span class='ocrx_word' id='word_1_301' title='bbox 1211 4105 1281 4153; x_wconf 83' lang='lat' dir='ltr'>Inter</span> <span class='ocrx_word' id='word_1_302' title='bbox 1292 4112 1370 4153; x_wconf 85' lang='lat' dir='ltr'>atros-</span> 
     </span>
     <span class='ocr_line' id='line_1_40' title="bbox 168 4185 1371 4253; baseline -0.007 -14"><span class='ocrx_word' id='word_1_303' title='bbox 168 4205 214 4253; x_wconf 79' lang='lat' dir='ltr'>que</span> <span class='ocrx_word' id='word_1_304' title='bbox 225 4192 299 4239; x_wconf 75' lang='lat' dir='ltr'>sitast</span> <span class='ocrx_word' id='word_1_305' title='bbox 309 4188 405 4238; x_wconf 81' lang='lat' dir='ltr'>Arane.</span> <span class='ocrx_word' id='word_1_306' title='bbox 419 4188 480 4253; x_wconf 84' lang='lat' dir='ltr'>(sita</span> <span class='ocrx_word' id='word_1_307' title='bbox 491 4196 526 4237; x_wconf 85' lang='lat' dir='ltr'>est</span> <span class='ocrx_word' id='word_1_308' title='bbox 542 4187 608 4236; x_wconf 83' lang='lat' dir='ltr'>Mar.</span> <span class='ocrx_word' id='word_1_309' title='bbox 625 4188 708 4247; x_wconf 70' lang='lat' dir='ltr'>dunt)</span> <span class='ocrx_word' id='word_1_310' title='bbox 720 4186 760 4236; x_wconf 86' lang='lat' dir='ltr'>for</span> <span class='ocrx_word' id='word_1_311' title='bbox 776 4189 847 4236; x_wconf 76' lang='lat' dir='ltr'>later</span> <span class='ocrx_word' id='word_1_312' title='bbox 862 4195 979 4250; x_wconf 71' lang='lat' dir='ltr'>utrasque</span> <span class='ocrx_word' id='word_1_313' title='bbox 994 4189 1074 4235; x_wconf 66' lang='lat' dir='ltr'>attae·</span> <span class='ocrx_word' id='word_1_314' title='bbox 1100 4188 1164 4235; x_wconf 79' lang='lat' dir='ltr'>sitas</span> <span class='ocrx_word' id='word_1_315' title='bbox 1181 4185 1208 4234; x_wconf 90' lang='lat' dir='ltr'>of</span> <span class='ocrx_word' id='word_1_316' title='bbox 1223 4199 1286 4232; x_wconf 85' lang='lat' dir='ltr'>mss.</span> <span class='ocrx_word' id='word_1_317' title='bbox 1302 4190 1371 4232; x_wconf 88' lang='lat' dir='ltr'>must</span> 
     </span>
     <span class='ocr_line' id='line_1_41' title="bbox 168 4265 1370 4330; baseline -0.004 -11"><span class='ocrx_word' id='word_1_318' title='bbox 168 4270 199 4320; x_wconf 90' lang='lat' dir='ltr'>be</span> <span class='ocrx_word' id='word_1_319' title='bbox 209 4272 297 4318; x_wconf 80' lang='lat' dir='ltr'>sitast:</span> <span class='ocrx_word' id='word_1_320' title='bbox 315 4268 359 4318; x_wconf 85' lang='lat' dir='ltr'>tho</span> <span class='ocrx_word' id='word_1_321' title='bbox 371 4267 512 4318; x_wconf 81' lang='lat' dir='ltr'>scribebas</span> <span class='ocrx_word' id='word_1_322' title='bbox 524 4268 588 4317; x_wconf 89' lang='lat' dir='ltr'>then</span> <span class='ocrx_word' id='word_1_323' title='bbox 603 4267 714 4329; x_wconf 78' lang='lat' dir='ltr'>adopted</span> <span class='ocrx_word' id='word_1_324' title='bbox 729 4275 849 4330; x_wconf 82' lang='lat' dir='ltr'>utrasque</span> <span class='ocrx_word' id='word_1_325' title='bbox 867 4271 894 4317; x_wconf 92' lang='lat' dir='ltr'>to</span> <span class='ocrx_word' id='word_1_326' title='bbox 911 4271 983 4319; x_wconf 82' lang='lat' dir='ltr'>ritas.</span> <span class='ocrx_word' id='word_1_327' title='bbox 1018 4269 1196 4329; x_wconf 74' lang='lat' dir='ltr'>Intemtraque</span> <span class='ocrx_word' id='word_1_328' title='bbox 1210 4280 1278 4314; x_wconf 71' lang='lat' dir='ltr'>recita</span> <span class='ocrx_word' id='word_1_329' title='bbox 1294 4265 1370 4314; x_wconf 78' lang='lat' dir='ltr'>Lech.</span> 
     </span>
     <span class='ocr_line' id='line_1_42' title="bbox 169 4349 1373 4414; baseline -0.006 -13"><span class='ocrx_word' id='word_1_330' title='bbox 169 4354 422 4414; x_wconf 77' lang='lat' dir='ltr'>Intertttraqaetecat</span> <span class='ocrx_word' id='word_1_331' title='bbox 433 4351 509 4402; x_wconf 85' lang='lat' dir='ltr'>Bern.</span> <span class='ocrx_word' id='word_1_332' title='bbox 578 4351 625 4400; x_wconf 88' lang='grc'>309</span> <span class='ocrx_word' id='word_1_333' title='bbox 638 4351 751 4399; x_wconf 84' lang='lat' dir='ltr'>Naturae</span> <span class='ocrx_word' id='word_1_334' title='bbox 762 4349 827 4400; x_wconf 82' lang='lat' dir='ltr'>Mar.</span> <span class='ocrx_word' id='word_1_335' title='bbox 843 4349 918 4399; x_wconf 87' lang='lat' dir='ltr'>Junt.</span> <span class='ocrx_word' id='word_1_336' title='bbox 931 4350 1091 4399; x_wconf 80' lang='lat' dir='ltr'>forNatttra.</span> <span class='ocrx_word' id='word_1_337' title='bbox 1168 4349 1294 4410; x_wconf 83' lang='lat' dir='ltr'>3l‘t&#39;qaot.</span> <span class='ocrx_word' id='word_1_338' title='bbox 1308 4349 1373 4410; x_wconf 84' lang='lat' dir='ltr'>qood</span> 
     </span>
    </p>
   </div>
   <div class='ocr_carea' id='block_1_7' title="bbox 1203 4450 1287 4512">
    <p class='ocr_par' dir='ltr' id='par_1_19' title="bbox 1203 4450 1287 4512">
     <span class='ocr_line' id='line_1_43' title="bbox 1203 4450 1287 4512; baseline -0.024 0"><span class='ocrx_word' id='word_1_339' title='bbox 1203 4450 1287 4512; x_wconf 81' lang='lat'>9-2</span> 
     </span>
    </p>
   </div>
   <div class='ocr_carea' id='block_1_8' title="bbox 0 0 1533 4800">
    <p class='ocr_par' dir='ltr' id='par_1_20' title="bbox 0 0 1533 4800">
     <span class='ocr_line' id='line_1_44' title="bbox 0 0 1533 4800; baseline 0 0"><span class='ocrx_word' id='word_1_340' title='bbox 0 0 1533 4800; x_wconf 95' lang='lat' dir='ltr'> </span> 
     </span>
    </p>
   </div>
  </div>
 </body>
</html>
