<?xml version="1.0" encoding="UTF-8"?>
<!DOCTYPE html PUBLIC "-//W3C//DTD XHTML 1.0 Transitional//EN"
    "http://www.w3.org/TR/xhtml1/DTD/xhtml1-transitional.dtd">
<html xmlns="http://www.w3.org/1999/xhtml" xml:lang="en" lang="en">
 <head>
  <title>
</title>
<meta http-equiv="Content-Type" content="text/html;charset=utf-8" />
  <meta name='ocr-system' content='tesseract 3.04.00' />
  <meta name='ocr-capabilities' content='ocr_page ocr_carea ocr_par ocr_line ocrx_word'/>
</head>
<body>
  <div class='ocr_page' id='page_1' title='image "./tlucreticarider00munrgoog_0166.png"; bbox 0 0 3008 4800; ppageno 0'>
   <div class='ocr_carea' id='block_1_1' title="bbox 701 205 1346 294">
    <p class='ocr_par' dir='ltr' id='par_1_1' title="bbox 701 205 1346 294">
     <span class='ocr_line' id='line_1_1' title="bbox 701 205 1346 294; baseline 0.014 -27"><span class='ocrx_word' id='word_1_1' title='bbox 701 205 756 268; x_wconf 89' lang='lat'>111</span> <span class='ocrx_word' id='word_1_2' title='bbox 1287 231 1346 294; x_wconf 85' lang='lat'>149</span> 
     </span>
    </p>
   </div>
   <div class='ocr_carea' id='block_1_2' title="bbox 67 364 1345 3664">
    <p class='ocr_par' dir='ltr' id='par_1_2' title="bbox 67 364 1345 3664">
     <span class='ocr_line' id='line_1_2' title="bbox 223 364 1078 451; baseline 0.002 -23"><span class='ocrx_word' id='word_1_3' title='bbox 223 366 306 430; x_wconf 88' lang='lat' dir='ltr'>adde</span> <span class='ocrx_word' id='word_1_4' title='bbox 328 366 415 450; x_wconf 94' lang='lat' dir='ltr'>quod</span> <span class='ocrx_word' id='word_1_5' title='bbox 436 366 471 428; x_wconf 90' lang='lat' dir='ltr'>in</span> <span class='ocrx_word' id='word_1_6' title='bbox 494 365 602 451; x_wconf 89' lang='lat' dir='ltr'>nigras</span> <span class='ocrx_word' id='word_1_7' title='bbox 625 364 766 450; x_wconf 89' lang='lat' dir='ltr'>lethargi</span> <span class='ocrx_word' id='word_1_8' title='bbox 789 365 947 450; x_wconf 78' lang='lat' dir='ltr'>mergitur</span> <span class='ocrx_word' id='word_1_9' title='bbox 969 366 1078 430; x_wconf 90' lang='lat' dir='ltr'>undas.</span> 
     </span>
     <span class='ocr_line' id='line_1_3' title="bbox 213 455 1345 557; baseline 0.008 -26"><span class='ocrx_word' id='word_1_10' title='bbox 213 455 224 531; x_wconf 92' lang='lat' dir='ltr'>l</span> <span class='ocrx_word' id='word_1_11' title='bbox 269 471 326 534; x_wconf 91' lang='lat' dir='ltr'>Nil</span> <span class='ocrx_word' id='word_1_12' title='bbox 350 471 451 556; x_wconf 89' lang='lat' dir='ltr'>igitur</span> <span class='ocrx_word' id='word_1_13' title='bbox 474 491 558 534; x_wconf 91' lang='lat' dir='ltr'>mors</span> <span class='ocrx_word' id='word_1_14' title='bbox 581 478 631 534; x_wconf 91' lang='lat' dir='ltr'>est</span> <span class='ocrx_word' id='word_1_15' title='bbox 653 469 696 533; x_wconf 89' lang='lat' dir='ltr'>ad</span> <span class='ocrx_word' id='word_1_16' title='bbox 717 493 775 535; x_wconf 91' lang='lat' dir='ltr'>nos</span> <span class='ocrx_word' id='word_1_17' title='bbox 799 491 904 554; x_wconf 90' lang='lat' dir='ltr'>neque</span> <span class='ocrx_word' id='word_1_18' title='bbox 927 471 1071 555; x_wconf 75' lang='lat' dir='ltr'>pertinet</span> <span class='ocrx_word' id='word_1_19' title='bbox 1093 471 1206 551; x_wconf 90' lang='lat' dir='ltr'>hilum,</span> <span class='ocrx_word' id='word_1_20' title='bbox 1280 480 1345 557; x_wconf 86' lang='lat'>830</span> 
     </span>
     <span class='ocr_line' id='line_1_4' title="bbox 223 573 1084 659; baseline 0.007 -23"><span class='ocrx_word' id='word_1_21' title='bbox 223 573 483 659; x_wconf 89' lang='lat' dir='ltr'>quandoquidem</span> <span class='ocrx_word' id='word_1_22' title='bbox 507 583 624 638; x_wconf 86' lang='lat' dir='ltr'>natura</span> <span class='ocrx_word' id='word_1_23' title='bbox 646 576 748 639; x_wconf 89' lang='lat' dir='ltr'>animi</span> <span class='ocrx_word' id='word_1_24' title='bbox 770 578 914 641; x_wconf 89' lang='lat' dir='ltr'>mortalis</span> <span class='ocrx_word' id='word_1_25' title='bbox 938 578 1084 654; x_wconf 88' lang='lat' dir='ltr'>habetur,</span> 
     </span>
     <span class='ocr_line' id='line_1_5' title="bbox 224 676 1083 767; baseline 0.008 -28"><span class='ocrx_word' id='word_1_26' title='bbox 224 685 257 739; x_wconf 92' lang='lat' dir='ltr'>et</span> <span class='ocrx_word' id='word_1_27' title='bbox 279 676 370 740; x_wconf 90' lang='lat' dir='ltr'>velut</span> <span class='ocrx_word' id='word_1_28' title='bbox 391 685 541 741; x_wconf 90' lang='lat' dir='ltr'>anteacto</span> <span class='ocrx_word' id='word_1_29' title='bbox 564 678 610 741; x_wconf 89' lang='lat' dir='ltr'>nil</span> <span class='ocrx_word' id='word_1_30' title='bbox 633 686 779 764; x_wconf 90' lang='lat' dir='ltr'>tempore</span> <span class='ocrx_word' id='word_1_31' title='bbox 802 681 961 744; x_wconf 81' lang='lat' dir='ltr'>sensimus</span> <span class='ocrx_word' id='word_1_32' title='bbox 984 683 1083 767; x_wconf 81' lang='lat' dir='ltr'>aegri,</span> 
     </span>
     <span class='ocr_line' id='line_1_6' title="bbox 223 779 1070 868; baseline 0.009 -27"><span class='ocrx_word' id='word_1_33' title='bbox 223 779 265 842; x_wconf 90' lang='lat' dir='ltr'>ad</span> <span class='ocrx_word' id='word_1_34' title='bbox 288 779 526 867; x_wconf 89' lang='lat' dir='ltr'>confligendum</span> <span class='ocrx_word' id='word_1_35' title='bbox 549 782 756 846; x_wconf 91' lang='lat' dir='ltr'>venientibus</span> <span class='ocrx_word' id='word_1_36' title='bbox 779 783 922 868; x_wconf 91' lang='lat' dir='ltr'>undique</span> <span class='ocrx_word' id='word_1_37' title='bbox 947 785 1070 862; x_wconf 83' lang='lat' dir='ltr'>Poenis,</span> 
     </span>
     <span class='ocr_line' id='line_1_7' title="bbox 175 883 1026 950; baseline 0.005 -5"><span class='ocrx_word' id='word_1_38' title='bbox 175 925 178 929; x_wconf 21' lang='grc' dir='ltr'><strong><em>μ</em></strong></span> <span class='ocrx_word' id='word_1_39' title='bbox 224 883 333 947; x_wconf 88' lang='lat' dir='ltr'>omnia</span> <span class='ocrx_word' id='word_1_40' title='bbox 355 905 429 947; x_wconf 95' lang='lat' dir='ltr'>cum</span> <span class='ocrx_word' id='word_1_41' title='bbox 452 884 530 949; x_wconf 92' lang='lat' dir='ltr'>belli</span> <span class='ocrx_word' id='word_1_42' title='bbox 553 893 602 949; x_wconf 89' lang='lat' dir='ltr'>tre</span> <span class='ocrx_word' id='word_1_43' title='bbox 626 884 680 948; x_wconf 89' lang='lat' dir='ltr'>ido</span> <span class='ocrx_word' id='word_1_44' title='bbox 703 906 856 949; x_wconf 89' lang='lat' dir='ltr'>concussa</span> <span class='ocrx_word' id='word_1_45' title='bbox 878 886 1026 950; x_wconf 88' lang='lat' dir='ltr'>tumultu</span> 
     </span>
     <span class='ocr_line' id='line_1_8' title="bbox 67 904 1339 1092; baseline 0.004 -41"><span class='ocrx_word' id='word_1_46' title='bbox 67 904 680 1092; x_wconf 31' lang='lat' dir='ltr'>prlfflQr-id‘adcontremuerepsub</span> <span class='ocrx_word' id='word_1_47' title='bbox 703 987 780 1052; x_wconf 89' lang='lat' dir='ltr'>altis</span> <span class='ocrx_word' id='word_1_48' title='bbox 801 989 944 1053; x_wconf 88' lang='lat' dir='ltr'>aetheris</span> <span class='ocrx_word' id='word_1_49' title='bbox 967 989 1038 1066; x_wconf 90' lang='lat' dir='ltr'>oris,</span> <span class='ocrx_word' id='word_1_50' title='bbox 1280 995 1319 1074; x_wconf 80' lang='lat'>83</span> <span class='ocrx_word' id='word_1_51' title='bbox 1325 1007 1339 1072; x_wconf 85' lang='lat'><strong>5</strong></span> 
     </span>
     <span class='ocr_line' id='line_1_9' title="bbox 223 1089 1118 1175; baseline 0.003 -23"><span class='ocrx_word' id='word_1_52' title='bbox 223 1089 257 1152; x_wconf 90' lang='lat' dir='ltr'>in</span> <span class='ocrx_word' id='word_1_53' title='bbox 279 1089 443 1175; x_wconf 91' lang='lat' dir='ltr'>dubioque</span> <span class='ocrx_word' id='word_1_54' title='bbox 466 1091 556 1154; x_wconf 84' lang='lat' dir='ltr'>suere</span> <span class='ocrx_word' id='word_1_55' title='bbox 578 1098 726 1155; x_wconf 90' lang='lat' dir='ltr'>utrorum</span> <span class='ocrx_word' id='word_1_56' title='bbox 749 1089 791 1154; x_wconf 92' lang='lat' dir='ltr'>ad</span> <span class='ocrx_word' id='word_1_57' title='bbox 813 1113 913 1175; x_wconf 88' lang='lat' dir='ltr'>regna</span> <span class='ocrx_word' id='word_1_58' title='bbox 935 1091 1118 1156; x_wconf 86' lang='lat' dir='ltr'>cadendum</span> 
     </span>
     <span class='ocr_line' id='line_1_10' title="bbox 223 1194 1003 1279; baseline 0.004 -23"><span class='ocrx_word' id='word_1_59' title='bbox 223 1194 372 1258; x_wconf 91' lang='lat' dir='ltr'>omnibus</span> <span class='ocrx_word' id='word_1_60' title='bbox 394 1194 545 1260; x_wconf 90' lang='lat' dir='ltr'>humanis</span> <span class='ocrx_word' id='word_1_61' title='bbox 566 1203 652 1259; x_wconf 91' lang='lat' dir='ltr'>esset</span> <span class='ocrx_word' id='word_1_62' title='bbox 675 1203 825 1279; x_wconf 89' lang='lat' dir='ltr'>terraque</span> <span class='ocrx_word' id='word_1_63' title='bbox 849 1195 1003 1278; x_wconf 88' lang='lat' dir='ltr'>marique,</span> 
     </span>
     <span class='ocr_line' id='line_1_11' title="bbox 222 1297 1122 1383; baseline 0.003 -23"><span class='ocrx_word' id='word_1_64' title='bbox 222 1297 277 1375; x_wconf 87' lang='lat' dir='ltr'>sic,</span> <span class='ocrx_word' id='word_1_65' title='bbox 299 1298 357 1362; x_wconf 93' lang='lat' dir='ltr'>ubi</span> <span class='ocrx_word' id='word_1_66' title='bbox 380 1321 445 1362; x_wconf 92' lang='lat' dir='ltr'>non</span> <span class='ocrx_word' id='word_1_67' title='bbox 467 1299 595 1374; x_wconf 87' lang='lat' dir='ltr'>erimus,</span> <span class='ocrx_word' id='word_1_68' title='bbox 618 1320 693 1362; x_wconf 93' lang='lat' dir='ltr'>cum</span> <span class='ocrx_word' id='word_1_69' title='bbox 715 1297 855 1383; x_wconf 88' lang='lat' dir='ltr'>corporis</span> <span class='ocrx_word' id='word_1_70' title='bbox 877 1303 978 1383; x_wconf 88' lang='lat' dir='ltr'>atque</span> <span class='ocrx_word' id='word_1_71' title='bbox 1000 1298 1122 1363; x_wconf 90' lang='lat' dir='ltr'>animai</span> 
     </span>
     <span class='ocr_line' id='line_1_12' title="bbox 221 1400 1061 1486; baseline -0.001 -21"><span class='ocrx_word' id='word_1_72' title='bbox 221 1400 392 1466; x_wconf 83' lang='lat' dir='ltr'>discidium</span> <span class='ocrx_word' id='word_1_73' title='bbox 414 1402 513 1466; x_wconf 87' lang='lat' dir='ltr'>fuerit</span> <span class='ocrx_word' id='word_1_74' title='bbox 536 1401 655 1486; x_wconf 91' lang='lat' dir='ltr'>quibus</span> <span class='ocrx_word' id='word_1_75' title='bbox 677 1422 696 1465; x_wconf 94' lang='lat' dir='ltr'>e</span> <span class='ocrx_word' id='word_1_76' title='bbox 718 1422 830 1465; x_wconf 87' lang='lat' dir='ltr'>sumus</span> <span class='ocrx_word' id='word_1_77' title='bbox 852 1400 962 1465; x_wconf 90' lang='lat' dir='ltr'>uniter</span> <span class='ocrx_word' id='word_1_78' title='bbox 982 1401 1061 1486; x_wconf 90' lang='lat' dir='ltr'>apti,</span> 
     </span>
     <span class='ocr_line' id='line_1_13' title="bbox 221 1502 1342 1589; baseline 0.004 -22"><span class='ocrx_word' id='word_1_79' title='bbox 221 1502 344 1568; x_wconf 87' lang='lat' dir='ltr'>scilicet</span> <span class='ocrx_word' id='word_1_80' title='bbox 366 1504 454 1569; x_wconf 91' lang='lat' dir='ltr'>haud</span> <span class='ocrx_word' id='word_1_81' title='bbox 476 1504 568 1569; x_wconf 93' lang='lat' dir='ltr'>nobis</span> <span class='ocrx_word' id='word_1_82' title='bbox 590 1504 774 1589; x_wconf 89' lang='lat' dir='ltr'>quicquam,</span> <span class='ocrx_word' id='word_1_83' title='bbox 796 1502 853 1589; x_wconf 90' lang='lat' dir='ltr'>qui</span> <span class='ocrx_word' id='word_1_84' title='bbox 876 1526 939 1568; x_wconf 90' lang='lat' dir='ltr'>non</span> <span class='ocrx_word' id='word_1_85' title='bbox 962 1503 1083 1569; x_wconf 90' lang='lat' dir='ltr'>erimus</span> <span class='ocrx_word' id='word_1_86' title='bbox 1105 1515 1185 1582; x_wconf 92' lang='lat' dir='ltr'>tum,</span> <span class='ocrx_word' id='word_1_87' title='bbox 1279 1510 1342 1585; x_wconf 87' lang='lat'>840</span> 
     </span>
     <span class='ocr_line' id='line_1_14' title="bbox 220 1606 1039 1693; baseline 0.002 -23"><span class='ocrx_word' id='word_1_88' title='bbox 220 1606 364 1671; x_wconf 88' lang='lat' dir='ltr'>accidere</span> <span class='ocrx_word' id='word_1_89' title='bbox 387 1607 517 1671; x_wconf 92' lang='lat' dir='ltr'>omnino</span> <span class='ocrx_word' id='word_1_90' title='bbox 540 1607 661 1693; x_wconf 87' lang='lat' dir='ltr'>poterit</span> <span class='ocrx_word' id='word_1_91' title='bbox 683 1628 879 1692; x_wconf 84' lang='lat' dir='ltr'>sensumque</span> <span class='ocrx_word' id='word_1_92' title='bbox 902 1630 1039 1685; x_wconf 90' lang='lat' dir='ltr'>movere,</span> 
     </span>
     <span class='ocr_line' id='line_1_15' title="bbox 221 1689 1066 1804; baseline -0.001 -29"><span class='ocrx_word' id='word_1_93' title='bbox 221 1732 286 1775; x_wconf 90' lang='lat' dir='ltr'>non</span> <span class='ocrx_word' id='word_1_94' title='bbox 308 1711 337 1775; x_wconf 89' lang='lat' dir='ltr'>si</span> <span class='ocrx_word' id='word_1_95' title='bbox 359 1718 445 1775; x_wconf 90' lang='lat' dir='ltr'>terra</span> <span class='ocrx_word' id='word_1_96' title='bbox 467 1711 549 1775; x_wconf 85' lang='lat' dir='ltr'>mari</span> <span class='ocrx_word' id='word_1_97' title='bbox 571 1711 762 1775; x_wconf 78' lang='lat' dir='ltr'>miscebitur</span> <span class='ocrx_word' id='word_1_98' title='bbox 784 1718 818 1775; x_wconf 92' lang='lat' dir='ltr'>et</span> <span class='ocrx_word' id='word_1_99' title='bbox 840 1733 929 1776; x_wconf 92' lang='lat' dir='ltr'>mare</span> <span class='ocrx_word' id='word_1_100' title='bbox 951 1689 1066 1804; x_wconf 67' lang='lat' dir='ltr'>caelu}</span> 
     </span>
     <span class='ocr_line' id='line_1_16' title="bbox 221 1813 1059 1900; baseline 0 -23"><span class='ocrx_word' id='word_1_101' title='bbox 221 1823 256 1878; x_wconf 90' lang='lat' dir='ltr'>et</span> <span class='ocrx_word' id='word_1_102' title='bbox 278 1815 305 1878; x_wconf 89' lang='lat' dir='ltr'>si</span> <span class='ocrx_word' id='word_1_103' title='bbox 328 1815 394 1879; x_wconf 89' lang='lat' dir='ltr'>iam</span> <span class='ocrx_word' id='word_1_104' title='bbox 416 1823 524 1879; x_wconf 89' lang='lat' dir='ltr'>nostro</span> <span class='ocrx_word' id='word_1_105' title='bbox 546 1814 647 1879; x_wconf 86' lang='lat' dir='ltr'>sentit</span> <span class='ocrx_word' id='word_1_106' title='bbox 670 1813 711 1879; x_wconf 93' lang='lat' dir='ltr'>de</span> <span class='ocrx_word' id='word_1_107' title='bbox 733 1836 863 1900; x_wconf 90' lang='lat' dir='ltr'>corpore</span> <span class='ocrx_word' id='word_1_108' title='bbox 887 1824 1059 1900; x_wconf 83' lang='lat' dir='ltr'>postquam</span> 
     </span>
     <span class='ocr_line' id='line_1_17' title="bbox 219 1917 1059 2005; baseline 0.002 -25"><span class='ocrx_word' id='word_1_109' title='bbox 219 1917 406 1981; x_wconf 78' lang='lat' dir='ltr'>distractast</span> <span class='ocrx_word' id='word_1_110' title='bbox 428 1917 529 1981; x_wconf 92' lang='lat' dir='ltr'>animi</span> <span class='ocrx_word' id='word_1_111' title='bbox 551 1925 669 1982; x_wconf 87' lang='lat' dir='ltr'>natura</span> <span class='ocrx_word' id='word_1_112' title='bbox 691 1917 884 2005; x_wconf 83' lang='lat' dir='ltr'>animaeque</span> <span class='ocrx_word' id='word_1_113' title='bbox 906 1926 1059 2005; x_wconf 89' lang='lat' dir='ltr'>potestas,</span> 
     </span>
     <span class='ocr_line' id='line_1_18' title="bbox 219 2022 1336 2110; baseline 0.006 -26"><span class='ocrx_word' id='word_1_114' title='bbox 219 2022 265 2085; x_wconf 93' lang='lat' dir='ltr'>nil</span> <span class='ocrx_word' id='word_1_115' title='bbox 288 2032 398 2087; x_wconf 88' lang='lat' dir='ltr'>tamen</span> <span class='ocrx_word' id='word_1_116' title='bbox 421 2022 534 2086; x_wconf 91' lang='lat' dir='ltr'>estad</span> <span class='ocrx_word' id='word_1_117' title='bbox 557 2044 614 2086; x_wconf 92' lang='lat' dir='ltr'>nos</span> <span class='ocrx_word' id='word_1_118' title='bbox 637 2023 695 2107; x_wconf 93' lang='lat' dir='ltr'>qui</span> <span class='ocrx_word' id='word_1_119' title='bbox 717 2032 849 2108; x_wconf 86' lang='lat' dir='ltr'>comptu</span> <span class='ocrx_word' id='word_1_120' title='bbox 872 2024 1087 2110; x_wconf 89' lang='lat' dir='ltr'>coniugioque</span> <span class='ocrx_word' id='word_1_121' title='bbox 1276 2031 1336 2108; x_wconf 86' lang='lat'>845</span> 
     </span>
     <span class='ocr_line' id='line_1_19' title="bbox 219 2126 1090 2214; baseline 0.002 -24"><span class='ocrx_word' id='word_1_122' title='bbox 219 2126 358 2210; x_wconf 90' lang='lat' dir='ltr'>corporis</span> <span class='ocrx_word' id='word_1_123' title='bbox 381 2135 479 2212; x_wconf 91' lang='lat' dir='ltr'>atque</span> <span class='ocrx_word' id='word_1_124' title='bbox 502 2127 630 2191; x_wconf 88' lang='lat' dir='ltr'>animae</span> <span class='ocrx_word' id='word_1_125' title='bbox 653 2128 859 2192; x_wconf 82' lang='lat' dir='ltr'>consistimus</span> <span class='ocrx_word' id='word_1_126' title='bbox 881 2128 991 2192; x_wconf 91' lang='lat' dir='ltr'>uniter</span> <span class='ocrx_word' id='word_1_127' title='bbox 1013 2129 1090 2214; x_wconf 88' lang='lat' dir='ltr'>apti.</span> 
     </span>
     <span class='ocr_line' id='line_1_20' title="bbox 218 2229 993 2317; baseline 0.004 -24"><span class='ocrx_word' id='word_1_128' title='bbox 218 2252 286 2305; x_wconf 88' lang='lat' dir='ltr'>nec,</span> <span class='ocrx_word' id='word_1_129' title='bbox 308 2229 336 2294; x_wconf 90' lang='lat' dir='ltr'>si</span> <span class='ocrx_word' id='word_1_130' title='bbox 358 2230 527 2294; x_wconf 87' lang='lat' dir='ltr'>materiem</span> <span class='ocrx_word' id='word_1_131' title='bbox 550 2237 694 2295; x_wconf 88' lang='lat' dir='ltr'>nostram</span> <span class='ocrx_word' id='word_1_132' title='bbox 716 2231 882 2317; x_wconf 85' lang='lat' dir='ltr'>collegerit</span> <span class='ocrx_word' id='word_1_133' title='bbox 903 2239 993 2296; x_wconf 87' lang='lat' dir='ltr'>aetas</span> 
     </span>
     <span class='ocr_line' id='line_1_21' title="bbox 219 2333 1165 2420; baseline 0.004 -22"><span class='ocrx_word' id='word_1_134' title='bbox 219 2341 290 2419; x_wconf 89' lang='lat' dir='ltr'>post</span> <span class='ocrx_word' id='word_1_135' title='bbox 313 2333 439 2398; x_wconf 91' lang='lat' dir='ltr'>obitum</span> <span class='ocrx_word' id='word_1_136' title='bbox 462 2355 654 2419; x_wconf 90' lang='lat' dir='ltr'>rursumque</span> <span class='ocrx_word' id='word_1_137' title='bbox 677 2333 839 2420; x_wconf 88' lang='lat' dir='ltr'>redegerit</span> <span class='ocrx_word' id='word_1_138' title='bbox 861 2343 900 2399; x_wconf 93' lang='lat' dir='ltr'>ut</span> <span class='ocrx_word' id='word_1_139' title='bbox 922 2335 986 2399; x_wconf 90' lang='lat' dir='ltr'>sita</span> <span class='ocrx_word' id='word_1_140' title='bbox 1008 2357 1094 2400; x_wconf 94' lang='lat' dir='ltr'>nunc</span> <span class='ocrx_word' id='word_1_141' title='bbox 1116 2346 1165 2402; x_wconf 92' lang='lat' dir='ltr'>est</span> 
     </span>
     <span class='ocr_line' id='line_1_22' title="bbox 218 2435 1088 2523; baseline 0.003 -23"><span class='ocrx_word' id='word_1_142' title='bbox 218 2446 318 2523; x_wconf 89' lang='lat' dir='ltr'>atque</span> <span class='ocrx_word' id='word_1_143' title='bbox 340 2437 461 2501; x_wconf 86' lang='lat' dir='ltr'>iterum</span> <span class='ocrx_word' id='word_1_144' title='bbox 484 2435 576 2501; x_wconf 88' lang='lat' dir='ltr'>nobis</span> <span class='ocrx_word' id='word_1_145' title='bbox 599 2436 721 2501; x_wconf 89' lang='lat' dir='ltr'>fuerint</span> <span class='ocrx_word' id='word_1_146' title='bbox 743 2437 822 2501; x_wconf 90' lang='lat' dir='ltr'>data</span> <span class='ocrx_word' id='word_1_147' title='bbox 844 2438 970 2502; x_wconf 89' lang='lat' dir='ltr'>lumina</span> <span class='ocrx_word' id='word_1_148' title='bbox 992 2438 1088 2516; x_wconf 89' lang='lat' dir='ltr'>vitae,</span> 
     </span>
     <span class='ocr_line' id='line_1_23' title="bbox 219 2540 1338 2626; baseline 0.004 -23"><span class='ocrx_word' id='word_1_149' title='bbox 219 2540 382 2625; x_wconf 86' lang='lat' dir='ltr'>pertineat</span> <span class='ocrx_word' id='word_1_150' title='bbox 404 2540 577 2626; x_wconf 88' lang='lat' dir='ltr'>quicquam</span> <span class='ocrx_word' id='word_1_151' title='bbox 600 2549 712 2605; x_wconf 89' lang='lat' dir='ltr'>tamen</span> <span class='ocrx_word' id='word_1_152' title='bbox 733 2542 775 2606; x_wconf 94' lang='lat' dir='ltr'>ad</span> <span class='ocrx_word' id='word_1_153' title='bbox 798 2564 855 2606; x_wconf 93' lang='lat' dir='ltr'>nos</span> <span class='ocrx_word' id='word_1_154' title='bbox 877 2542 911 2607; x_wconf 92' lang='lat' dir='ltr'>id</span> <span class='ocrx_word' id='word_1_155' title='bbox 934 2563 1062 2626; x_wconf 90' lang='lat' dir='ltr'>quoque</span> <span class='ocrx_word' id='word_1_156' title='bbox 1085 2543 1216 2620; x_wconf 87' lang='lat' dir='ltr'>lactum,</span> <span class='ocrx_word' id='word_1_157' title='bbox 1275 2547 1338 2624; x_wconf 82' lang='lat'>850</span> 
     </span>
     <span class='ocr_line' id='line_1_24' title="bbox 219 2632 1042 2790; baseline 0.004 -83"><span class='ocrx_word' id='word_1_158' title='bbox 219 2643 404 2729; x_wconf 86' lang='lat' dir='ltr'>interrupta</span> <span class='ocrx_word' id='word_1_159' title='bbox 425 2643 524 2708; x_wconf 90' lang='lat' dir='ltr'>semel</span> <span class='ocrx_word' id='word_1_160' title='bbox 547 2665 622 2708; x_wconf 92' lang='lat' dir='ltr'>cum</span> <span class='ocrx_word' id='word_1_161' title='bbox 644 2644 689 2708; x_wconf 94' lang='lat' dir='ltr'>sit</span> <span class='ocrx_word' id='word_1_162' title='bbox 710 2646 894 2731; x_wconf 84' lang='lat' dir='ltr'>repetentia</span> <span class='ocrx_word' id='word_1_163' title='bbox 916 2632 1042 2790; x_wconf 54' lang='lat' dir='ltr'>nostri!</span> 
     </span>
     <span class='ocr_line' id='line_1_25' title="bbox 112 2747 1006 2826; baseline 0.001 -15"><span class='ocrx_word' id='word_1_164' title='bbox 112 2775 118 2784; x_wconf 77' lang='lat'><em>‚</em></span> <span class='ocrx_word' id='word_1_165' title='bbox 218 2756 253 2812; x_wconf 92' lang='lat' dir='ltr'>et</span> <span class='ocrx_word' id='word_1_166' title='bbox 275 2769 361 2811; x_wconf 92' lang='lat' dir='ltr'>nunc</span> <span class='ocrx_word' id='word_1_167' title='bbox 383 2747 431 2811; x_wconf 92' lang='lat' dir='ltr'>nil</span> <span class='ocrx_word' id='word_1_168' title='bbox 453 2747 495 2811; x_wconf 86' lang='lat' dir='ltr'>ad</span> <span class='ocrx_word' id='word_1_169' title='bbox 516 2768 575 2811; x_wconf 92' lang='lat' dir='ltr'>nos</span> <span class='ocrx_word' id='word_1_170' title='bbox 597 2747 637 2812; x_wconf 91' lang='lat' dir='ltr'>de</span> <span class='ocrx_word' id='word_1_171' title='bbox 660 2749 754 2813; x_wconf 89' lang='lat' dir='ltr'>nobis</span> <span class='ocrx_word' id='word_1_172' title='bbox 776 2748 906 2826; x_wconf 88' lang='lat' dir='ltr'>attinet,</span> <span class='ocrx_word' id='word_1_173' title='bbox 929 2756 1006 2813; x_wconf 89' lang='lat' dir='ltr'>ante</span> 
     </span>
     <span class='ocr_line' id='line_1_26' title="bbox 217 2822 1149 2946; baseline 0.002 -32"><span class='ocrx_word' id='word_1_174' title='bbox 217 2851 274 2936; x_wconf 91' lang='lat' dir='ltr'>qui</span> <span class='ocrx_word' id='word_1_175' title='bbox 297 2851 426 2928; x_wconf 89' lang='lat' dir='ltr'>fuimus,</span> <span class='ocrx_word' id='word_1_176' title='bbox 447 2873 545 2938; x_wconf 79' lang='lat' dir='ltr'>acque</span> <span class='ocrx_word' id='word_1_177' title='bbox 566 2850 633 2915; x_wconf 88' lang='lat' dir='ltr'>iam</span> <span class='ocrx_word' id='word_1_178' title='bbox 656 2851 697 2915; x_wconf 93' lang='lat' dir='ltr'>de</span> <span class='ocrx_word' id='word_1_179' title='bbox 719 2852 784 2917; x_wconf 92' lang='lat' dir='ltr'>illis</span> <span class='ocrx_word' id='word_1_180' title='bbox 806 2875 864 2917; x_wconf 92' lang='lat' dir='ltr'>nos</span> <span class='ocrx_word' id='word_1_181' title='bbox 886 2852 997 2917; x_wconf 86' lang='lat' dir='ltr'>adficit</span> <span class='ocrx_word' id='word_1_182' title='bbox 1019 2822 1149 2946; x_wconf 69' lang='lat' dir='ltr'>angor}</span> 
     </span>
     <span class='ocr_line' id='line_1_27' title="bbox 217 2956 1020 3042; baseline 0.002 -24"><span class='ocrx_word' id='word_1_183' title='bbox 217 2977 293 3019; x_wconf 88' lang='lat' dir='ltr'>nam</span> <span class='ocrx_word' id='word_1_184' title='bbox 315 2977 390 3018; x_wconf 92' lang='lat' dir='ltr'>cum</span> <span class='ocrx_word' id='word_1_185' title='bbox 412 2956 564 3041; x_wconf 89' lang='lat' dir='ltr'>respicias</span> <span class='ocrx_word' id='word_1_186' title='bbox 586 2956 726 3020; x_wconf 89' lang='lat' dir='ltr'>inmensi</span> <span class='ocrx_word' id='word_1_187' title='bbox 749 2957 904 3042; x_wconf 86' lang='lat' dir='ltr'>temporis</span> <span class='ocrx_word' id='word_1_188' title='bbox 926 2978 1020 3020; x_wconf 89' lang='lat' dir='ltr'>omne</span> 
     </span>
     <span class='ocr_line' id='line_1_28' title="bbox 216 3059 1333 3145; baseline 0.003 -23"><span class='ocrx_word' id='word_1_189' title='bbox 216 3059 430 3144; x_wconf 88' lang='lat' dir='ltr'>praeteritum</span> <span class='ocrx_word' id='word_1_190' title='bbox 453 3059 605 3145; x_wconf 88' lang='lat' dir='ltr'>spatium,</span> <span class='ocrx_word' id='word_1_191' title='bbox 627 3069 700 3126; x_wconf 91' lang='lat' dir='ltr'>tum</span> <span class='ocrx_word' id='word_1_192' title='bbox 723 3070 832 3126; x_wconf 92' lang='lat' dir='ltr'>motus</span> <span class='ocrx_word' id='word_1_193' title='bbox 854 3060 1003 3125; x_wconf 90' lang='lat' dir='ltr'>materiai</span> <span class='ocrx_word' id='word_1_194' title='bbox 1273 3064 1333 3142; x_wconf 86' lang='lat'>855</span> 
     </span>
     <span class='ocr_line' id='line_1_29' title="bbox 217 3163 1159 3249; baseline 0.003 -24"><span class='ocrx_word' id='word_1_195' title='bbox 217 3163 418 3227; x_wconf 88' lang='lat' dir='ltr'>multimodis</span> <span class='ocrx_word' id='word_1_196' title='bbox 440 3185 538 3248; x_wconf 93' lang='lat' dir='ltr'>quam</span> <span class='ocrx_word' id='word_1_197' title='bbox 560 3163 636 3239; x_wconf 91' lang='lat' dir='ltr'>sint,</span> <span class='ocrx_word' id='word_1_198' title='bbox 659 3164 752 3228; x_wconf 87' lang='lat' dir='ltr'>facile</span> <span class='ocrx_word' id='word_1_199' title='bbox 775 3164 835 3229; x_wconf 93' lang='lat' dir='ltr'>hoc</span> <span class='ocrx_word' id='word_1_200' title='bbox 856 3163 1028 3228; x_wconf 84' lang='lat' dir='ltr'>adcredere</span> <span class='ocrx_word' id='word_1_201' title='bbox 1049 3164 1159 3249; x_wconf 89' lang='lat' dir='ltr'>possis,</span> 
     </span>
     <span class='ocr_line' id='line_1_30' title="bbox 217 3267 1190 3353; baseline 0.002 -23"><span class='ocrx_word' id='word_1_202' title='bbox 217 3267 342 3330; x_wconf 90' lang='lat' dir='ltr'>semina</span> <span class='ocrx_word' id='word_1_203' title='bbox 362 3288 459 3352; x_wconf 83' lang='lat' dir='ltr'>saepe</span> <span class='ocrx_word' id='word_1_204' title='bbox 481 3267 515 3331; x_wconf 91' lang='lat' dir='ltr'>in</span> <span class='ocrx_word' id='word_1_205' title='bbox 538 3267 661 3344; x_wconf 89' lang='lat' dir='ltr'>eodem,</span> <span class='ocrx_word' id='word_1_206' title='bbox 685 3277 723 3332; x_wconf 93' lang='lat' dir='ltr'>ut</span> <span class='ocrx_word' id='word_1_207' title='bbox 745 3290 832 3331; x_wconf 93' lang='lat' dir='ltr'>nunc</span> <span class='ocrx_word' id='word_1_208' title='bbox 854 3277 940 3344; x_wconf 89' lang='lat' dir='ltr'>sunt,</span> <span class='ocrx_word' id='word_1_209' title='bbox 962 3267 1075 3333; x_wconf 90' lang='lat' dir='ltr'>ordine</span> <span class='ocrx_word' id='word_1_210' title='bbox 1096 3277 1190 3353; x_wconf 86' lang='lat' dir='ltr'>posta</span> 
     </span>
     <span class='ocr_line' id='line_1_31' title="bbox 128 3368 1184 3455; baseline 0.003 -23"><span class='ocrx_word' id='word_1_211' title='bbox 128 3369 190 3449; x_wconf 87' lang='grc'>865</span> <span class='ocrx_word' id='word_1_212' title='bbox 216 3368 295 3433; x_wconf 88' lang='lat' dir='ltr'>haec</span> <span class='ocrx_word' id='word_1_213' title='bbox 318 3369 439 3445; x_wconf 89' lang='lat' dir='ltr'>eadem,</span> <span class='ocrx_word' id='word_1_214' title='bbox 461 3370 580 3455; x_wconf 90' lang='lat' dir='ltr'>quibus</span> <span class='ocrx_word' id='word_1_215' title='bbox 602 3393 620 3434; x_wconf 90' lang='lat' dir='ltr'>e</span> <span class='ocrx_word' id='word_1_216' title='bbox 643 3393 731 3434; x_wconf 92' lang='lat' dir='ltr'>nunc</span> <span class='ocrx_word' id='word_1_217' title='bbox 753 3393 811 3435; x_wconf 93' lang='lat' dir='ltr'>nos</span> <span class='ocrx_word' id='word_1_218' title='bbox 832 3392 954 3446; x_wconf 75' lang='lat' dir='ltr'>sumus</span> <span class='ocrx_word' id='word_1_219' title='bbox 978 3378 1055 3434; x_wconf 84' lang='lat' dir='ltr'>ante</span> <span class='ocrx_word' id='word_1_220' title='bbox 1078 3371 1184 3436; x_wconf 85' lang='lat' dir='ltr'>luisse.</span> 
     </span>
     <span class='ocr_line' id='line_1_32' title="bbox 127 3473 1204 3560; baseline 0.003 -24"><span class='ocrx_word' id='word_1_221' title='bbox 127 3474 191 3552; x_wconf 89' lang='grc'>858</span> <span class='ocrx_word' id='word_1_222' title='bbox 215 3494 274 3536; x_wconf 92' lang='lat' dir='ltr'>nec</span> <span class='ocrx_word' id='word_1_223' title='bbox 297 3473 432 3537; x_wconf 92' lang='lat' dir='ltr'>memori</span> <span class='ocrx_word' id='word_1_224' title='bbox 454 3483 565 3538; x_wconf 89' lang='lat' dir='ltr'>tamen</span> <span class='ocrx_word' id='word_1_225' title='bbox 587 3473 621 3538; x_wconf 93' lang='lat' dir='ltr'>id</span> <span class='ocrx_word' id='word_1_226' title='bbox 644 3473 775 3560; x_wconf 91' lang='lat' dir='ltr'>quimus</span> <span class='ocrx_word' id='word_1_227' title='bbox 798 3473 1052 3559; x_wconf 90' lang='lat' dir='ltr'>repraehendere</span> <span class='ocrx_word' id='word_1_228' title='bbox 1076 3483 1204 3554; x_wconf 82' lang='lat' dir='ltr'>mente3</span> 
     </span>
     <span class='ocr_line' id='line_1_33' title="bbox 217 3564 1336 3664; baseline 0.004 -25"><span class='ocrx_word' id='word_1_229' title='bbox 217 3575 303 3640; x_wconf 91' lang='lat' dir='ltr'>inter</span> <span class='ocrx_word' id='word_1_230' title='bbox 325 3576 412 3640; x_wconf 89' lang='lat' dir='ltr'>enim</span> <span class='ocrx_word' id='word_1_231' title='bbox 435 3576 551 3641; x_wconf 88' lang='lat' dir='ltr'>iectast</span> <span class='ocrx_word' id='word_1_232' title='bbox 574 3577 656 3642; x_wconf 89' lang='lat' dir='ltr'>vitai</span> <span class='ocrx_word' id='word_1_233' title='bbox 678 3564 780 3663; x_wconf 83' lang='lat' dir='ltr'>pausa</span> <span class='ocrx_word' id='word_1_234' title='bbox 803 3600 950 3664; x_wconf 88' lang='lat' dir='ltr'>vageque</span> <span class='ocrx_word' id='word_1_235' title='bbox 1273 3579 1336 3645; x_wconf 89' lang='lat'>860</span> 
     </span>
    </p>
   </div>
   <div class='ocr_carea' id='block_1_3' title="bbox 128 3778 1335 4168">
    <p class='ocr_par' dir='ltr' id='par_1_3' title="bbox 128 3778 1335 4168">
     <span class='ocr_line' id='line_1_34' title="bbox 162 3778 1333 3844; baseline 0.002 -14"><span class='ocrx_word' id='word_1_236' title='bbox 162 3782 210 3831; x_wconf 83' lang='lat'>829</span> <span class='ocrx_word' id='word_1_237' title='bbox 230 3781 324 3842; x_wconf 69' lang='lat' dir='ltr'>nigrae.</span> <span class='ocrx_word' id='word_1_238' title='bbox 361 3779 394 3828; x_wconf 70' lang='lat' dir='ltr'>‘l</span> <span class='ocrx_word' id='word_1_239' title='bbox 414 3781 514 3842; x_wconf 71' lang='lat' dir='ltr'>piprcs’</span> <span class='ocrx_word' id='word_1_240' title='bbox 536 3778 627 3830; x_wconf 87' lang='lat' dir='ltr'>Heins</span> <span class='ocrx_word' id='word_1_241' title='bbox 650 3779 679 3828; x_wconf 92' lang='lat' dir='ltr'>in</span> <span class='ocrx_word' id='word_1_242' title='bbox 699 3794 746 3830; x_wconf 89' lang='lat' dir='ltr'>ms.</span> <span class='ocrx_word' id='word_1_243' title='bbox 771 3783 862 3830; x_wconf 86' lang='lat' dir='ltr'>notes:</span> <span class='ocrx_word' id='word_1_244' title='bbox 886 3779 1023 3830; x_wconf 84' lang='lat' dir='ltr'>Markland</span> <span class='ocrx_word' id='word_1_245' title='bbox 1042 3781 1169 3844; x_wconf 81' lang='lat' dir='ltr'>proposed</span> <span class='ocrx_word' id='word_1_246' title='bbox 1188 3780 1233 3831; x_wconf 87' lang='lat' dir='ltr'>the</span> <span class='ocrx_word' id='word_1_247' title='bbox 1254 3797 1333 3843; x_wconf 84' lang='lat' dir='ltr'>same,</span> 
     </span>
     <span class='ocr_line' id='line_1_35' title="bbox 128 3861 1333 3922; baseline 0.002 -12"><span class='ocrx_word' id='word_1_248' title='bbox 128 3862 176 3912; x_wconf 87' lang='lat' dir='ltr'>but</span> <span class='ocrx_word' id='word_1_249' title='bbox 193 3861 301 3912; x_wconf 83' lang='lat' dir='ltr'>without</span> <span class='ocrx_word' id='word_1_250' title='bbox 318 3877 403 3911; x_wconf 86' lang='lat' dir='ltr'>cause.</span> <span class='ocrx_word' id='word_1_251' title='bbox 524 3863 572 3912; x_wconf 88' lang='grc'>835</span> <span class='ocrx_word' id='word_1_252' title='bbox 590 3863 699 3911; x_wconf 58' lang='lat' dir='ltr'>aethria</span> <span class='ocrx_word' id='word_1_253' title='bbox 717 3865 767 3911; x_wconf 73' lang='lat' dir='ltr'>orte</span> <span class='ocrx_word' id='word_1_254' title='bbox 786 3862 839 3911; x_wconf 80' lang='lat' dir='ltr'>Gis.</span> <span class='ocrx_word' id='word_1_255' title='bbox 858 3862 897 3911; x_wconf 81' lang='lat' dir='ltr'>lor</span> <span class='ocrx_word' id='word_1_256' title='bbox 913 3864 1022 3912; x_wconf 67' lang='lat' dir='ltr'>maliem</span> <span class='ocrx_word' id='word_1_257' title='bbox 1039 3866 1125 3922; x_wconf 54' lang='lat' dir='ltr'>curm</span> <span class='ocrx_word' id='word_1_258' title='bbox 1143 3863 1197 3913; x_wconf 89' lang='lat' dir='ltr'>and</span> <span class='ocrx_word' id='word_1_259' title='bbox 1213 3878 1241 3913; x_wconf 89' lang='lat' dir='ltr'>so</span> <span class='ocrx_word' id='word_1_260' title='bbox 1258 3864 1333 3913; x_wconf 81' lang='lat' dir='ltr'>Lucr.</span> 
     </span>
     <span class='ocr_line' id='line_1_36' title="bbox 128 3944 1335 4008; baseline -0.001 -13"><span class='ocrx_word' id='word_1_261' title='bbox 128 3945 224 4008; x_wconf 82' lang='lat' dir='ltr'>always</span> <span class='ocrx_word' id='word_1_262' title='bbox 236 3947 321 3995; x_wconf 85' lang='lat' dir='ltr'>writes</span> <span class='ocrx_word' id='word_1_263' title='bbox 332 3944 474 3996; x_wconf 87' lang='lat' dir='ltr'>elsewhere.</span> <span class='ocrx_word' id='word_1_264' title='bbox 581 3945 630 3993; x_wconf 85' lang='grc'>844</span> <span class='ocrx_word' id='word_1_265' title='bbox 640 3946 795 3994; x_wconf 77' lang='lat' dir='ltr'>Distractuat</span> <span class='ocrx_word' id='word_1_266' title='bbox 806 3945 876 3995; x_wconf 88' lang='lat' dir='ltr'>Nico.</span> <span class='ocrx_word' id='word_1_267' title='bbox 893 3945 932 3994; x_wconf 84' lang='lat' dir='ltr'>lor</span> <span class='ocrx_word' id='word_1_268' title='bbox 943 3947 1096 3995; x_wconf 78' lang='lat' dir='ltr'>Distractas.</span> <span class='ocrx_word' id='word_1_269' title='bbox 1201 3947 1249 3998; x_wconf 82' lang='grc'>847</span> <span class='ocrx_word' id='word_1_270' title='bbox 1260 3954 1335 3995; x_wconf 85' lang='lat' dir='ltr'>mute-</span> 
     </span>
     <span class='ocr_line' id='line_1_37' title="bbox 129 4026 1333 4090; baseline -0.001 -15"><span class='ocrx_word' id='word_1_271' title='bbox 129 4029 191 4075; x_wconf 84' lang='lat' dir='ltr'>riem</span> <span class='ocrx_word' id='word_1_272' title='bbox 202 4026 232 4084; x_wconf 89' lang='lat' dir='ltr'>B,</span> <span class='ocrx_word' id='word_1_273' title='bbox 245 4029 376 4076; x_wconf 80' lang='lat' dir='ltr'>materiam</span> <span class='ocrx_word' id='word_1_274' title='bbox 386 4027 409 4075; x_wconf 79' lang='lat' dir='ltr'>A</span> <span class='ocrx_word' id='word_1_275' title='bbox 420 4026 490 4076; x_wconf 85' lang='lat' dir='ltr'>Nice.</span> <span class='ocrx_word' id='word_1_276' title='bbox 596 4026 644 4074; x_wconf 89' lang='lat'>851</span> <span class='ocrx_word' id='word_1_277' title='bbox 656 4029 795 4088; x_wconf 77' lang='lat' dir='ltr'>repetentia</span> <span class='ocrx_word' id='word_1_278' title='bbox 806 4026 828 4074; x_wconf 89' lang='lat' dir='ltr'>B</span> <span class='ocrx_word' id='word_1_279' title='bbox 839 4026 945 4089; x_wconf 82' lang='lat' dir='ltr'>rightly.</span> <span class='ocrx_word' id='word_1_280' title='bbox 979 4029 1094 4090; x_wconf 77' lang='lat' dir='ltr'>repentia</span> <span class='ocrx_word' id='word_1_281' title='bbox 1104 4027 1127 4074; x_wconf 90' lang='lat' dir='ltr'>A</span> <span class='ocrx_word' id='word_1_282' title='bbox 1137 4026 1208 4075; x_wconf 88' lang='lat' dir='ltr'>Nice.</span> <span class='ocrx_word' id='word_1_283' title='bbox 1220 4026 1288 4076; x_wconf 86' lang='lat' dir='ltr'>Flor.</span> <span class='ocrx_word' id='word_1_284' title='bbox 1303 4028 1333 4076; x_wconf 85' lang='lat'>31</span> 
     </span>
     <span class='ocr_line' id='line_1_38' title="bbox 130 4107 1333 4168; baseline 0 -10"><span class='ocrx_word' id='word_1_285' title='bbox 130 4108 218 4160; x_wconf 81' lang='lat' dir='ltr'>Gamb.</span> <span class='ocrx_word' id='word_1_286' title='bbox 253 4112 390 4159; x_wconf 73' lang='lat' dir='ltr'>retinentia</span> <span class='ocrx_word' id='word_1_287' title='bbox 411 4110 507 4159; x_wconf 76' lang='lat' dir='ltr'>Arane.</span> <span class='ocrx_word' id='word_1_288' title='bbox 530 4107 610 4159; x_wconf 81' lang='lat' dir='ltr'>Lech.</span> <span class='ocrx_word' id='word_1_289' title='bbox 650 4111 730 4158; x_wconf 77' lang='lat' dir='ltr'>nostri</span> <span class='ocrx_word' id='word_1_290' title='bbox 753 4109 815 4158; x_wconf 90' lang='lat' dir='ltr'>Pius</span> <span class='ocrx_word' id='word_1_291' title='bbox 837 4108 865 4158; x_wconf 92' lang='lat' dir='ltr'>in</span> <span class='ocrx_word' id='word_1_292' title='bbox 888 4114 971 4168; x_wconf 84' lang='lat' dir='ltr'>notes,</span> <span class='ocrx_word' id='word_1_293' title='bbox 994 4109 1047 4159; x_wconf 74' lang='lat' dir='ltr'>Gis,</span> <span class='ocrx_word' id='word_1_294' title='bbox 1071 4109 1149 4159; x_wconf 81' lang='lat' dir='ltr'>Lech.</span> <span class='ocrx_word' id='word_1_295' title='bbox 1173 4110 1213 4158; x_wconf 84' lang='lat' dir='ltr'>for</span> <span class='ocrx_word' id='word_1_296' title='bbox 1235 4115 1333 4160; x_wconf 78' lang='lat' dir='ltr'>rwslrr&#39;s.</span> 
     </span>
    </p>
   </div>
   <div class='ocr_carea' id='block_1_4' title="bbox 121 4182 1334 4417">
    <p class='ocr_par' dir='ltr' id='par_1_4' title="bbox 121 4182 1334 4417">
     <span class='ocr_line' id='line_1_39' title="bbox 121 4182 1334 4254; baseline 0.002 -14"><span class='ocrx_word' id='word_1_297' title='bbox 121 4182 199 4240; x_wconf 73' lang='lat' dir='ltr'>&#39;moia</span> <span class='ocrx_word' id='word_1_298' title='bbox 210 4190 287 4240; x_wconf 90' lang='lat' dir='ltr'>Pont.</span> <span class='ocrx_word' id='word_1_299' title='bbox 299 4193 394 4241; x_wconf 84' lang='lat' dir='ltr'>Arene.</span> <span class='ocrx_word' id='word_1_300' title='bbox 427 4200 514 4241; x_wconf 79' lang='lat' dir='ltr'>nostra</span> <span class='ocrx_word' id='word_1_301' title='bbox 528 4191 594 4239; x_wconf 89' lang='lat' dir='ltr'>Mar.</span> <span class='ocrx_word' id='word_1_302' title='bbox 607 4190 683 4240; x_wconf 74' lang='lat' dir='ltr'>Junt:</span> <span class='ocrx_word' id='word_1_303' title='bbox 692 4190 761 4252; x_wconf 84' lang='lat' dir='ltr'>vulg.</span> <span class='ocrx_word' id='word_1_304' title='bbox 893 4193 940 4241; x_wconf 84' lang='lat'>853</span> <span class='ocrx_word' id='word_1_305' title='bbox 952 4207 1030 4254; x_wconf 81' lang='lat' dir='ltr'>neque</span> <span class='ocrx_word' id='word_1_306' title='bbox 1041 4191 1123 4242; x_wconf 88' lang='lat' dir='ltr'>added</span> <span class='ocrx_word' id='word_1_307' title='bbox 1134 4191 1167 4254; x_wconf 84' lang='lat' dir='ltr'>by</span> <span class='ocrx_word' id='word_1_308' title='bbox 1178 4191 1257 4242; x_wconf 82' lang='lat' dir='ltr'>Lech.</span> <span class='ocrx_word' id='word_1_309' title='bbox 1291 4209 1334 4242; x_wconf 79' lang='lat' dir='ltr'>acc</span> 
     </span>
     <span class='ocr_line' id='line_1_40' title="bbox 131 4267 1333 4333; baseline 0.003 -17"><span class='ocrx_word' id='word_1_310' title='bbox 131 4267 196 4317; x_wconf 86' lang='lat' dir='ltr'>Mar.</span> <span class='ocrx_word' id='word_1_311' title='bbox 207 4268 266 4317; x_wconf 85' lang='lat' dir='ltr'>Ald.</span> <span class='ocrx_word' id='word_1_312' title='bbox 279 4269 292 4316; x_wconf 92' lang='lat' dir='ltr'>l</span> <span class='ocrx_word' id='word_1_313' title='bbox 305 4269 377 4320; x_wconf 82' lang='lat' dir='ltr'>Junt.</span> <span class='ocrx_word' id='word_1_314' title='bbox 393 4269 461 4330; x_wconf 81' lang='lat' dir='ltr'>vulg.</span> <span class='ocrx_word' id='word_1_315' title='bbox 494 4270 584 4331; x_wconf 80' lang='lat' dir='ltr'>adficit</span> <span class='ocrx_word' id='word_1_316' title='bbox 596 4269 664 4319; x_wconf 83' lang='lat' dir='ltr'>Flor.</span> <span class='ocrx_word' id='word_1_317' title='bbox 679 4270 711 4318; x_wconf 88' lang='grc'>31</span> <span class='ocrx_word' id='word_1_318' title='bbox 727 4270 798 4320; x_wconf 88' lang='lat' dir='ltr'>Mon.</span> <span class='ocrx_word' id='word_1_319' title='bbox 813 4269 889 4319; x_wconf 90' lang='lat' dir='ltr'>Pont.</span> <span class='ocrx_word' id='word_1_320' title='bbox 902 4270 942 4320; x_wconf 81' lang='lat' dir='ltr'>lor</span> <span class='ocrx_word' id='word_1_321' title='bbox 956 4271 1056 4333; x_wconf 68' lang='lat' dir='ltr'>adficit.</span> <span class='ocrx_word' id='word_1_322' title='bbox 1187 4270 1235 4319; x_wconf 88' lang='grc'>856</span> <span class='ocrx_word' id='word_1_323' title='bbox 1250 4274 1333 4320; x_wconf 83' lang='lat' dir='ltr'>multi·</span> 
     </span>
     <span class='ocr_line' id='line_1_41' title="bbox 128 4349 1333 4417; baseline 0.004 -18"><span class='ocrx_word' id='word_1_324' title='bbox 128 4351 207 4399; x_wconf 73' lang='lat' dir='ltr'>nucis</span> <span class='ocrx_word' id='word_1_325' title='bbox 222 4349 303 4401; x_wconf 84' lang='lat' dir='ltr'>Lech.</span> <span class='ocrx_word' id='word_1_326' title='bbox 322 4350 385 4399; x_wconf 87' lang='lat' dir='ltr'>with</span> <span class='ocrx_word' id='word_1_327' title='bbox 402 4349 565 4400; x_wconf 84' lang='lat' dir='ltr'>Wakefield’s</span> <span class='ocrx_word' id='word_1_328' title='bbox 582 4353 603 4399; x_wconf 88' lang='grc' dir='ltr'>Δ</span> <span class='ocrx_word' id='word_1_329' title='bbox 620 4350 660 4399; x_wconf 86' lang='lat' dir='ltr'>lor</span> <span class='ocrx_word' id='word_1_330' title='bbox 676 4352 826 4400; x_wconf 82' lang='lat' dir='ltr'>multimodi.</span> <span class='ocrx_word' id='word_1_331' title='bbox 948 4353 996 4400; x_wconf 90' lang='grc'>858</span> <span class='ocrx_word' id='word_1_332' title='bbox 1014 4351 1081 4417; x_wconf 85' lang='grc'>(865)</span> <span class='ocrx_word' id='word_1_333' title='bbox 1099 4351 1257 4401; x_wconf 81' lang='lat' dir='ltr'>transferred</span> <span class='ocrx_word' id='word_1_334' title='bbox 1274 4353 1333 4405; x_wconf 89' lang='lat' dir='ltr'>here</span> 
     </span>
    </p>
   </div>
   <div class='ocr_carea' id='block_1_5' title="bbox 0 0 1508 4800">
    <p class='ocr_par' dir='ltr' id='par_1_5' title="bbox 0 0 1508 4800">
     <span class='ocr_line' id='line_1_42' title="bbox 0 0 1508 4800; baseline 0 3"><span class='ocrx_word' id='word_1_335' title='bbox 0 0 1508 4800; x_wconf 95' lang='lat' dir='ltr'> </span> 
     </span>
    </p>
   </div>
  </div>
 </body>
</html>
