3008 4800
187 199 248 260 144
748 178 803 242 III

270 343 432 408 interiisse
456 351 491 408 et
512 363 595 426 quae
617 363 704 406 nunc
726 350 776 406 est
798 364 884 405 nunc
906 363 974 406 esse
997 351 1146 407 creatam.

314 449 486 513 Praeterea
508 448 536 511 si
558 446 622 510 iam
646 446 788 531 perfecto
809 468 937 532 corpore
960 446 1052 511 nobis

268 553 381 617 inferri
403 552 531 616 solitast
551 550 653 614 animi
675 550 785 621 vivata
807 559 949 634 potestas
1319 551 1388 616 680

270 665 342 720 tum
365 677 440 720 cum
464 654 630 740 gignimur
651 661 686 717 et
707 653 794 716 vitae
816 675 890 717 cum
913 653 1012 717 limen
1035 653 1163 729 inimus

269 758 358 823 haud
380 759 429 822 ita
450 756 665 821 conveniebat
687 755 738 818 uti
760 777 834 818 cum
856 777 985 840 corpore
1006 764 1042 820 et
1064 779 1128 820 una

270 884 344 926 cum
367 861 521 926 membris
543 859 693 924 videatur
714 859 748 921 in
771 859 840 942 ipso
862 860 1019 944 sanguine
1041 881 1152 934 cresse,

268 964 326 1039 sed
348 964 440 1028 velut
463 963 498 1026 in
520 983 617 1026 cavea
639 982 697 1046 per
718 982 752 1024 se
774 960 837 1024 sibi
859 961 965 1025 vivere
987 961 1095 1026 solam.

271 1084 426 1126 corvumr
446 1083 487 1125 ur
507 1081 601 1124 eursu
621 1081 736 1124 comus
756 1081 861 1123 muru
883 1082 1024 1124 Arrcunr
1043 1081 1128 1124 orcus
1318 1068 1382 1147 685

182 1171 248 1250 690
270 1170 356 1254 quod
379 1168 449 1232 fieri
471 1176 580 1232 totum
602 1174 714 1231 contra
735 1167 906 1231 manifesta
927 1167 1021 1232 docet
1042 1190 1111 1248 res;

269 1294 410 1358 namque
432 1272 482 1336 ita
502 1291 624 1335 conexa
645 1278 695 1334 est
717 1291 775 1354 per
798 1292 894 1334 venas
917 1270 1037 1335 viscera
1059 1293 1172 1336 nervos

268 1397 413 1461 ossaque,
436 1373 488 1439 uti
510 1373 625 1437 dentes
647 1394 775 1458 quoque
797 1394 892 1438 sensu
915 1374 1166 1459 participentur3

268 1479 399 1543 morbus
421 1485 461 1541 ut
483 1476 662 1541 indicat.et
684 1475 811 1563 gelidai.
825 1477 965 1563 stringor
985 1476 1082 1562 aquai

269 1591 303 1645 et
325 1581 409 1666 lapis
432 1599 612 1664 oppressus,
633 1578 735 1642 subiit
757 1578 785 1642 si
807 1601 825 1643 e
847 1570 1001 1664 frugibus,
1023 1543 1142 1680 asperl
1318 1584 1387 1664 690

181 1687 248 1750 686
269 1707 371 1770 quare
393 1684 493 1748 etiam
516 1690 615 1767 atque
638 1682 738 1747 etiam
760 1704 866 1768 neque
888 1682 1019 1768 originis
1040 1705 1110 1748 esse
1132 1684 1347 1769 putandumst

269 1788 413 1875 expertis
434 1786 561 1851 animas
582 1807 642 1850 nec
664 1785 723 1850 leti
745 1785 816 1872 lege
837 1763 988 1870 solutasl

269 1915 345 1958 nam
367 1912 475 1976 neque
497 1897 591 1953 tanto
613 1911 708 1973 opere
730 1889 860 1954 adnecti
881 1889 1024 1974 potuisse
1047 1889 1259 1975 putandumst

182 1999 247 2079 689
269 1994 456 2080 corporibus
478 1991 598 2056 nostris
619 1991 818 2055 extrinsecus
840 1991 1030 2068 insinuatas,

268 2120 337 2173 nec,
359 2105 429 2160 tam
451 2102 622 2160 contextae
644 2117 719 2158 cum
742 2094 815 2170 sint,
837 2094 924 2159 exire
947 2093 1100 2158 videntur
1317 2097 1381 2178 695

267 2201 446 2266 incolumes
467 2221 561 2286 posse
583 2207 617 2264 et
639 2200 743 2264 salvas
765 2199 925 2264 exsolvere
947 2221 1017 2264 sese

266 2306 419 2370 omnibus
441 2327 460 2369 e
482 2305 589 2368 nervis
611 2312 710 2389 atque
732 2303 857 2368 ossibus
878 2268 1118 2420 articulisque]

268 2410 355 2496 quod
377 2409 406 2474 si
428 2409 511 2473 forte
533 2416 631 2493 putas
652 2407 852 2472 extrinsecus
874 2407 1071 2472 insinuatam

268 2534 459 2599 permanare
481 2511 624 2576 animam
646 2510 739 2576 nobis
761 2533 818 2596 per
840 2511 985 2575 membra
1005 2512 1114 2588 solere,

268 2623 361 2680 tanto
384 2615 506 2701 quique
529 2614 633 2701 magis
654 2637 728 2679 cum
750 2636 879 2699 corpore
902 2614 972 2678 lusa
993 2595 1140 2730 peribit}
1317 2632 1384 2696 700

266 2719 354 2805 quod
376 2725 547 2804 permanat
569 2718 656 2782 enim
679 2717 873 2793 dissolvitur,
896 2717 1009 2782 interit
1031 2707 1132 2834 ergol

268 2821 462 2908 dispertitus
484 2821 571 2885 enim
593 2842 652 2906 per
672 2821 781 2884 caulas
802 2821 941 2906 corporis
963 2820 1066 2885 omnis

268 2935 306 2990 ut
329 2925 430 3003 cibus,
452 2924 488 2988 in
509 2924 655 2988 membra
676 2933 775 3009 atque
797 2933 888 2988 artus
909 2946 984 2988 cum
1006 2923 1131 2988 diditur
1152 2925 1264 3002 omnis,

267 3036 406 3123 disperit
427 3044 528 3121 atque
549 3034 646 3099 aliam
669 3043 820 3100 naturam
841 3036 960 3100 sufficit
983 3059 1022 3101 ex
1044 3058 1087 3113 se,

266 3140 312 3204 sic
331 3138 446 3229 anima
468 3146 567 3222 atque
589 3138 716 3202 animus
739 3139 886 3223 quamvis
907 3138 1035 3226 integra
1056 3162 1165 3204 recens
1186 3141 1221 3204 in
1318 3157 1379 3222 705

267 3264 383 3327 corpus
405 3249 496 3318 eunt,
518 3250 629 3306 tamen
651 3241 686 3304 in
708 3243 868 3307 manando
889 3243 1120 3320 dissoluuntur,

265 3343 345 3418 dum
368 3344 462 3429 quasi
484 3365 542 3428 per
563 3343 671 3407 caulas
693 3344 797 3409 omnis
819 3345 976 3409 diduntur
997 3346 1031 3408 in
1053 3355 1143 3409 artus

266 3448 446 3535 particulae
469 3449 587 3534 quibus
610 3449 689 3514 haec
710 3450 812 3514 animi
834 3458 1107 3529 naturacreatur,

267 3575 350 3638 quae
374 3574 461 3616 nunc
483 3553 518 3615 in
539 3561 649 3617 nostro
670 3552 856 3618 dominatur
878 3576 1006 3640 corpore
1030 3563 1108 3617 nata

179 3744 219 3792 lor
235 3744 267 3792 ab
285 3744 302 3794 l.
323 3743 430 3804 locutus
573 3741 620 3791 685
637 3741 728 3792 Lamb,
747 3741 795 3792 has
811 3745 879 3792 most
895 3741 1014 3805 properly
1030 3741 1153 3803 rejected:
1177 3741 1198 3790 it
1214 3742 1237 3790 is
1253 3742 1349 3805 clearly
1365 3758 1381 3792 a

179 3825 302 3876 sarcsstic
321 3825 399 3887 gloss.
433 3824 513 3873 Lech.
534 3825 630 3873 retains
649 3825 670 3872 it
690 3824 741 3873 and
761 3826 801 3874 for
820 3828 906 3887 affluat
925 3823 997 3873 reads
1014 3832 1113 3873 arceat:
1137 3840 1171 3873 an
1188 3825 1303 3887 unllkely
1320 3840 1379 3876 con-

178 3908 283 3970 jecture.
400 3905 531 3957 686-690
547 3905 714 3969 (690-694);
736 3906 816 3956 Lach.
832 3921 885 3956 was
901 3906 946 3954 the
963 3904 1020 3953 first
1036 3906 1064 3953 to
1081 3909 1213 3968 transpose
1229 3907 1300 3956 these
1317 3923 1381 3969 rss.;

179 3988 232 4038 and
248 3992 353 4050 strange
370 3987 391 4036 it
408 3986 431 4035 is
448 3986 482 4034 he
499 3985 592 4035 should
609 3985 675 4036 hare
692 3986 754 4036 been
772 3987 816 4036 the
832 3987 896 4036 first.
1047 3985 1095 4037 689
1128 3989 1238 4036 Morbus.
1283 3990 1382 4039 Morsus

178 4069 258 4120 Lach.
276 4069 352 4118 Bern.
373 4066 422 4118 Ed.
443 4067 574 4127 formerly.
680 4065 1041 4129 mompsuestinae
1053 4068 1170 4128 frugibus
1187 4067 1263 4117 Bern.
1283 4067 1324 4116 lor
1340 4084 1380 4132 op·

174 4167 274 4215 precam
286 4152 403 4200 subicite
410 4151 538 4212 frapibas.
571 4148 976 4212 expressuasubieuseflulaach.
1091 4149 1304 4210 702Dispertr'twr
1315 4153 1382 4198 enirn

178 4234 255 4285 Lacln
270 4234 310 4284 for
321 4236 471 4296 dispertitur
482 4247 547 4294 erpo.
581 4233 738 4295 Dispertitur
749 4234 814 4281 enim
825 4231 900 4282 Pont.
913 4230 983 4280 Brix.
996 4230 1053 4279 Ald.
1068 4233 1080 4278 1
1092 4228 1181 4280 Lamb.

211 4317 258 4368 705
279 4317 394 4379 quamvis
412 4317 514 4376 intepra
532 4328 615 4362 recens
634 4316 663 4362 iu
683 4313 746 4362 Mar.
767 4312 824 4363 Ald.
849 4315 862 4362 l
883 4313 957 4362 June.
979 4310 1018 4360 for
1037 4314 1150 4374 quamvis
1170 4317 1207 4360 cat
1226 4311 1326 4372 interra
1342 4329 1380 4362 re-
