3008 4800
696 213 733 276 11

194 385 229 438 et
252 383 446 459 superantur
467 332 581 469 iteml
604 373 760 437 miscetur
783 375 896 438 funere
920 396 1017 460 vagor

195 500 291 562 quem
314 477 407 561 pueri
431 475 551 539 tollunt
574 475 710 540 visentis
732 476 866 540 luminis
888 499 980 557 oras3

197 601 254 642 nec
278 600 340 641 nox
363 577 430 640 ulla
452 578 539 641 diem
563 599 668 662 neque
692 588 821 642 noctem
845 602 961 643 aurora
984 591 1127 644 secutast

197 701 280 764 quae
302 700 366 742 non
389 678 531 743 audierit
554 679 674 744 mixtos
697 680 863 766 vagitibus
886 682 991 767 aegris
1081 759 1084 768 Ι

197 784 341 869 ploratus
364 783 476 853 mortis
499 783 634 847 comites
657 794 691 847 et
715 783 836 848 funeris
859 765 949 876 atril
1076 777 1091 804 ”’
1257 789 1318 865 580

240 887 327 951 Illud
349 886 384 950 in
408 887 458 952 his
480 887 690 973 obsignatum
714 908 843 972 quoque
865 887 963 952 rebus
986 887 1103 953 habere

196 991 348 1055 convenit
371 1000 405 1055 et
427 991 563 1055 memori
586 991 779 1055 mandatum
802 1001 913 1056 mente
937 1002 1056 1069 tenere,

197 1094 242 1156 nil
266 1116 343 1170 esse,
368 1095 402 1157 in
425 1102 579 1179 promptu
603 1116 741 1179 quorum
764 1102 883 1159 natura
905 1095 1042 1172 videtur,

198 1198 284 1282 quod
305 1220 425 1284 genere
447 1219 487 1262 ex
510 1219 576 1261 uno
598 1197 755 1262 consistat
777 1198 1019 1284 principiorum,

198 1323 256 1365 nec
278 1301 451 1386 quicquam
474 1300 561 1385 quod
583 1323 649 1365 non
671 1301 834 1386 permixto
857 1302 980 1367 semine
1002 1259 1168 1403 constetl
1257 1307 1314 1386 585

198 1414 233 1469 et
255 1403 482 1489 quodcumque
505 1403 610 1490 magis
632 1404 681 1468 vis
704 1405 825 1470 multas
848 1405 991 1490 possidet
1013 1406 1102 1471 inse

197 1516 296 1594 atque
318 1514 507 1592 potestates
530 1506 579 1571 ita
601 1507 744 1592 plurima
765 1507 999 1593 principiorum

197 1611 231 1675 in
253 1633 323 1676 sese
345 1632 465 1697 genera
486 1631 524 1674 ac
547 1610 653 1674 varias
674 1610 770 1676 docet
792 1633 862 1676 esse
885 1580 1030 1724 figuras!

197 1713 354 1799 principio
377 1713 475 1778 tellus
498 1713 599 1777 habet
621 1713 713 1796 inse
736 1735 868 1799 corpora
891 1714 996 1799 prima

157 1877 160 1882 ,
199 1817 284 1882 unde
309 1839 397 1881 mare
419 1818 606 1882 inmensum
630 1818 797 1883 volventes
819 1819 938 1906 frigora
962 1819 1067 1884 fontes
1257 1836 1319 1901 590

198 1920 332 1986 adsidue
354 1928 520 1998 renovent,
543 1920 645 1987 habet
667 1921 760 2008 ignes
784 1921 871 1986 unde
894 1908 1064 2025 oriantur!

198 2048 273 2090 nam
296 2024 410 2089 multis
433 2047 586 2090 succensa
608 2025 685 2090 locis
707 2025 825 2092 ardent
846 2027 915 2092 sola
938 2036 1050 2105 terrae,

200 2130 327 2194 eximiis
350 2152 425 2194 vero
449 2130 529 2194 furit
552 2130 684 2215 ignibus
707 2131 851 2216 impetus
873 2109 1035 2232 Aetnael

198 2244 271 2298 tum
293 2256 387 2320 porro
410 2234 532 2298 nitidas
555 2235 665 2320 fruges
687 2234 886 2320 arbustaque
908 2236 994 2300 laeta

197 2340 352 2426 gentibus
375 2339 526 2404 humanis
550 2339 650 2404 habet
673 2339 760 2404 unde
784 2340 939 2405 extollere
962 2341 1072 2425 possit,
1259 2354 1316 2422 595

198 2443 284 2508 unde
307 2442 408 2507 etiam
431 2441 547 2506 fluvios
571 2444 699 2508 frondes
722 2452 757 2507 et
779 2443 900 2528 pabula
922 2442 1008 2507 laeta

198 2546 385 2633 montivago
406 2546 520 2631 generi
543 2546 646 2631 possit
668 2548 823 2633 praebere
847 2528 1013 2626 ferarum.)

199 2673 297 2737 quare
320 2671 439 2737 magna
461 2614 560 2715 deum
584 2659 689 2716 mater
711 2660 881 2736 materque
904 2652 1042 2716 ferarum

200 2765 234 2819 et
256 2751 358 2818 nostri
379 2755 529 2840 genetrix
553 2753 633 2826 haec
655 2754 745 2819 dicta
767 2764 817 2820 est
839 2755 979 2839 corporis
1001 2731 1089 2869 una}

243 2857 338 2922 Hanc
361 2865 486 2922 veteres
510 2857 647 2923 Graium
670 2858 758 2922 docti
780 2858 924 2922 cecinere
947 2865 1062 2942 poetae

199 3062 329 3127 sedibus
351 3064 387 3126 in
409 3085 505 3126 curru
528 3063 657 3149 biiugos
678 3063 803 3150 agitare
826 3062 943 3138 leones,

199 3165 281 3230 aeris
303 3166 339 3229 in
361 3166 467 3251 spatio
491 3188 646 3253 magnam
669 3166 810 3251 pendere
832 3165 985 3230 docentes

202 3271 351 3335 tellurem
374 3293 480 3356 neque
503 3293 596 3356 posse
620 3272 655 3335 in
678 3281 766 3336 terra
787 3271 900 3336 sistere
924 3279 1051 3336 terram.

200 3376 376 3440 adiunxere
398 3377 490 3452 feras,
513 3376 591 3461 quia
615 3375 763 3461 quamvis
785 3375 886 3440 effera
906 3375 1010 3460 proles

200 3479 312 3544 officiis
334 3479 433 3545 debet
456 3479 575 3543 molliri
599 3480 688 3544 victa
710 3460 913 3584 parentuml
1257 3481 1317 3559 605

147 3698 194 3747 586
216 3699 283 3762 quod
305 3713 407 3760 cunique
430 3697 510 3747 Lech.
534 3699 575 3747 for
598 3712 780 3761 qrtaccumquc:
809 3699 929 3760 previous
952 3697 1048 3747 editors
1069 3698 1133 3747 have
1158 3711 1222 3760 gone
1245 3697 1322 3746 much

115 3783 209 3842 astray.
311 3779 948 3844 5930001607)ΕωῑηιῑῑεΑνειιιοᾹοτΕωῐιηῑε.
985 3779 1043 3829 ‘Sic
1054 3795 1077 3827 v.
1090 3780 1107 3828 l.
1119 3779 1278 3830 c....Marull.
1291 3794 1322 3828 ex

115 3859 184 3922 Virg.
202 3859 247 3909 lib.
266 3861 289 3919 5,
307 3876 337 3909 ec
353 3863 420 3920 imis,
440 3862 531 3909 contra
548 3875 572 3909 v.
591 3860 633 3910 l.':
656 3859 702 3908 ths
722 3863 832 3909 ‘veteres
848 3859 909 3909 libri
926 3863 1028 3909 omnes'
1052 3875 1094 3910 are
1117 3859 1176 3921 only
1192 3859 1236 3909 the
1258 3859 1321 3927 Veri.

115 3942 143 3990 iu
160 3941 244 3991 which
260 3956 326 3991 were
344 3941 480 3991 Marullus’
500 3957 549 3990 ms.
568 3945 657 3991 notes:
680 3941 745 3992 Ven.
768 3941 817 3991 has
834 3944 934 3991 Eximis
951 3941 1035 3991 which
1054 3942 1105 3990 Gis.
1122 3941 1245 4003 probably
1261 3940 1322 3989 read

115 4026 241 4074 Eximiis:
259 4025 386 4074 Marullus
401 4024 517 4088 perhaps
532 4023 644 4074 referred
661 4027 688 4073 to
706 4025 768 4074 Aen.
789 4026 888 4076 111577
899 4025 1032 4088 fundoque
1050 4032 1177 4074 exaestuat
1193 4025 1250 4085 imo,
1271 4023 1323 4072 and

114 4105 217 4155 divided
229 4105 272 4155 the
284 4105 366 4155 word:
385 4105 418 4154 he
429 4105 519 4154 makes
531 4120 566 4155 no
578 4105 679 4168 change
690 4106 719 4154 in
730 4105 786 4156 cod.
798 4106 896 4156 Victor.
1163 4104 1225 4154 601:
1243 4104 1322 4154 Lech.

30 4199 33 4202 ’
116 4187 179 4236 with
195 4202 288 4238 reason
305 4202 430 4251 supposes
445 4203 461 4238 a
477 4203 550 4238 verse
566 4194 594 4238 tc
611 4189 642 4239 be
660 4190 712 4239 lost
729 4189 798 4248 here,
816 4189 902 4239 which
917 4188 951 4238 he
969 4188 1030 4237 thus
1050 4187 1168 4250 supplies,
1189 4187 1323 4250 Mupurflce

114 4270 201 4319 divam
221 4287 251 4321 ec
272 4274 335 4334 ipris
355 4272 523 4334 pemtralitu'
547 4281 646 4322 vectum
669 4273 783 4323 Sedibus.
816 4272 909 4321 Lamb.
933 4271 1007 4321 reads
1035 4272 1168 4320 Sublimem
1190 4269 1231 4317 for
1253 4270 1323 4317 Sedi-

115 4354 167 4402 bus.
277 4353 324 4403 605
336 4355 432 4403 molliri
443 4353 512 4403 Nico.
529 4354 599 4404 Flor.
612 4355 643 4403 31
657 4354 747 4404 Gamb.
763 4355 801 4402 for
812 4355 906 4403 ocoliri'.
1014 4352 1062 4401 613
1074 4353 1153 4400 orbem
1164 4351 1238 4400 Pont.
1251 4351 1323 4400 Junt.

1157 4442 1239 4505 7-2
