3008 4800
749 200 766 263 1

233 363 317 451 quod
340 364 367 428 si
391 363 471 427 forte
494 362 621 447 aliquia
643 384 716 426 cum
739 384 868 447 corpora
890 363 1066 439 dissiluere,

232 478 303 533 tum
327 476 422 554 putat
445 466 478 531 id
502 466 569 530 fieri
593 464 669 551 quia
690 487 724 530 se
747 467 939 531 condenseat
962 490 1024 542 aer,

232 582 335 650 errat;
363 593 436 635 nam
462 592 598 634 vacnum
622 579 692 634 tum
715 569 752 632 fit
775 569 861 654 quod
883 593 946 634 non
971 571 1033 634 fuit
1055 581 1131 634 ante

231 685 265 741 et
289 675 430 760 repletur
452 673 531 738 item
556 695 692 737 vacuum
715 673 800 757 quod
822 674 969 738 constitit
990 683 1075 749 ante,

233 801 291 843 nec
315 777 373 843 tali
396 777 519 841 ratione
543 785 650 860 potest
672 775 834 840 denserier
857 799 920 853 aer,

234 901 300 956 nec,
323 879 349 943 si
372 878 436 942 iam
459 885 575 963 posset,
596 877 665 942 sine
688 877 777 941 inani
799 886 915 962 posset,
938 879 1058 963 opinor,

233 984 301 1068 ipse
323 982 358 1047 in
380 1003 415 1046 se
438 981 566 1045 trahere
589 989 623 1045 et
645 980 747 1066 partis
769 980 946 1045 conducere
971 981 1005 1045 in
1028 970 1156 1114 unum*

276 1085 489 1170 Quapropter,
512 1084 659 1170 quamvis
683 1083 843 1148 causando
867 1085 972 1148 multa
995 1087 1135 1162 moreris,

232 1187 355 1253 esseio
380 1187 475 1252 rebus
498 1187 594 1251 inane
618 1196 728 1251 tamen
752 1187 871 1250 fateare
895 1196 1062 1252 necessest.
1084 1185 1090 1292 Ι

234 1292 401 1377 multaque
424 1299 592 1376 praeterea
613 1290 676 1355 tibi
699 1311 827 1375 possum
851 1291 1128 1355 commemorando

232 1404 424 1481 argumenta
446 1393 543 1458 fidem
565 1392 661 1457 dictis
683 1392 853 1458 conradere
875 1393 1001 1459 nostris.
1008 1399 1017 1516 p

234 1521 345 1565 verum
368 1499 476 1564 animo
499 1497 578 1562 satis
600 1498 679 1562 haec
701 1497 836 1584 vestigia
858 1520 956 1583 parva
978 1499 1085 1586 sagaci

233 1613 310 1667 sunt
333 1625 390 1689 per
412 1624 496 1688 quae
519 1601 620 1687 possis
643 1622 831 1688 cognoscere
855 1610 962 1666 cetera
984 1600 1081 1706 tutet

233 1729 372 1792 namque
395 1729 489 1771 canes
513 1715 550 1771 ut
572 1706 776 1793 montivagae
798 1728 951 1792 persaepe
974 1708 1051 1772 ferai

233 1810 363 1874 naribus
386 1809 557 1874 inveniunt
579 1809 717 1873 intectas
740 1807 850 1873 fronde
872 1809 1007 1895 quietes,

233 1935 307 1977 cum
329 1911 429 1977 semel
452 1911 644 1976 institerunt
667 1911 803 1999 vestigia
825 1920 913 1976 certa
937 1912 1008 1989 viai,

233 2014 1041 2100 mfflmfflmmmmmm'

234 2118 353 2183 talibus
376 2118 410 2182 in
433 2119 530 2183 rebus
552 2117 672 2202 poteris
695 2139 866 2203 caecasque
889 2117 1028 2182 latebras

234 2221 396 2286 insinuare
419 2220 523 2285 omnis
545 2227 579 2285 et
602 2242 714 2284 verum
737 2220 922 2306 protrahere
944 2221 1028 2286 inde.

233 2325 319 2410 quod
342 2325 370 2388 si
392 2322 529 2410 pigraris
552 2322 726 2407 paulumve
749 2323 914 2388 recesseris
936 2323 978 2388 ab
1001 2345 1044 2400 re,

234 2427 293 2491 hoo
316 2426 377 2491 tibi
400 2426 440 2491 de
463 2426 560 2512 plano
582 2447 712 2511 possum
735 2426 933 2512 promittere,
957 2426 1109 2492 Memmi:

234 2552 335 2616 usque
358 2529 437 2595 adeo
460 2530 564 2616 largos
586 2528 723 2594 haustus
745 2551 763 2594 e
786 2529 924 2594 fontibu'
948 2530 1074 2618 magnis

234 2634 345 2720 lingua
366 2654 438 2697 meo
461 2633 567 2697 suavis
589 2631 652 2696 diti
673 2631 714 2697 de
736 2641 864 2717 pectore
888 2632 1012 2710 fundet,

233 2745 271 2801 ut
294 2758 404 2801 verear
424 2756 466 2799 ne
489 2734 583 2800 tarda
604 2735 694 2820 prius
716 2758 774 2821 per
795 2735 941 2800 membra
963 2746 1112 2801 senectus

150 2832 156 2896 ἶ
233 2849 342 2925 serpat
364 2849 398 2904 et
420 2839 455 2903 in
478 2839 569 2904 nobis
591 2839 672 2903 vitai
694 2840 834 2904 claustra
855 2840 1002 2917 resolvat,

186 2936 189 2941 ’
233 2967 330 3030 quarn
354 2943 415 3008 tibi
438 2943 478 3008 de
501 2942 615 3028 quavis
638 2966 758 3010 unare
781 2945 927 3010 versibus
950 2946 1054 3011 omnis

234 3057 497 3135 argumentorum
521 3046 564 3111 sit
587 3047 678 3133 copia
700 3048 799 3112 missa
821 3071 879 3134 per
900 3049 1013 3145 auris!

278 3151 344 3217 Sed
365 3174 451 3216 nunc
472 3159 511 3216 ut
533 3159 678 3237 repetam
700 3160 851 3237 coeptum
874 3163 1041 3238 pertexere
1062 3154 1167 3232 dictis,

234 3253 338 3319 omnis
361 3263 399 3318 ut
421 3262 471 3318 est
494 3252 596 3340 igitur
616 3275 675 3339 per
696 3275 730 3318 se
753 3263 871 3319 natura
892 3255 1020 3321 duabus

235 3358 382 3422 constitit
404 3358 438 3421 in
461 3357 575 3436 rebus;
605 3379 681 3420 narn
703 3381 835 3444 corpora
856 3370 935 3424 sunt
957 3370 992 3426 et
1014 3361 1120 3437 inane,

236 3462 315 3526 haec
338 3462 371 3526 in
394 3485 458 3547 quo
481 3462 545 3526 sita
566 3470 653 3548 sunt
666 3471 700 3526 et
722 3485 787 3547 qua
809 3464 936 3530 diversa
958 3455 1156 3568 moventur}

235 3587 350 3651 corpus
372 3565 459 3630 enim
482 3587 540 3650 per
562 3586 597 3629 se
620 3567 800 3631 communis
822 3567 951 3633 dedicat
973 3591 1042 3634 esse

235 3690 367 3748 sensus;
392 3669 445 3733 cui
467 3668 531 3733 nisi
551 3668 656 3754 prima
678 3670 758 3735 fides
780 3672 916 3737 fundata
938 3673 1067 3748 valebit,

236 3772 316 3836 haut
339 3771 400 3836 erit
423 3771 557 3836 occultis
579 3772 620 3836 de
643 3772 739 3837 rebus
761 3797 824 3859 quo
847 3777 1022 3840 referentes
1040 3759 1046 3770 ’

149 3940 214 3991 Mar.
229 3939 285 3989 Ald.
299 3939 573 4004 Nuntforquisquae.
680 3943 727 3993 391
740 3942 835 3992 Creeoh
846 3959 969 4008 supposes
980 3960 1051 3995 some
1062 3961 1113 3996 rss.
1131 3953 1158 3996 to
1172 3948 1203 3997 be
1218 3919 1270 3998 lost
1285 3952 1352 4000 after
1390 3930 1393 3936 Ι

148 4022 235 4071 thisr.
353 4022 400 4072 395
412 4022 646 4071 deruerierdoorr.
658 4022 726 4072 Flor.
739 4026 770 4072 31
782 4024 822 4073 sor
836 4027 1015 4076 condenserr'er.
1131 4031 1179 4078 404
1191 4032 1263 4094 serui
1278 4033 1347 4083 Nice.

148 4103 216 4153 Flor.
231 4105 262 4152 31
278 4102 366 4152 camb.
384 4107 431 4152 eto.
448 4104 487 4152 sor
498 4105 594 4166 ferare.
611 4106 726 4166 serarum
743 4108 764 4153 A
778 4120 842 4156 corr.
943 4109 991 4156 411
1008 4110 1131 4172 deploro
1148 4110 1215 4161 Flor.
1234 4114 1265 4160 31
1284 4114 1347 4164 Mar.
1439 4168 1443 4172 ,

148 4185 222 4235 sunt.
241 4186 280 4241 {or
297 4187 412 4248 deptuuo.
546 4187 595 4233 412
615 4189 712 4248 arnonis
733 4189 837 4238 Acorr.
856 4188 926 4237 Nico.
943 4189 980 4238 ull
997 4189 1041 4239 the
1058 4190 1116 4239 Itur
1138 4191 1227 4241 Camb.
1244 4199 1293 4244 etc.
1312 4196 1352 4244 for

147 4281 248 4329 raecum
263 4268 292 4317 of
305 4269 326 4314 A
342 4282 366 4330 p.
379 4283 412 4316 m.
449 4282 533 4316 urrraes
548 4266 570 4314 B
586 4266 638 4315 and
653 4268 724 4316 Gott.
737 4267 789 4316 end
803 4269 859 4317 also
871 4284 942 4319 seme
953 4270 976 4318 A
986 4284 1067 4327 ωας
1084 4271 1190 4322 rhenos
1200 4273 1287 4323 Bentl.
1299 4276 1352 4325 and

149 4348 224 4399 Bern
244 4348 304 4399 read
321 4350 400 4411 turpis
417 4350 518 4398 haustos
534 4364 555 4396 e.
568 4350 592 4411 s.
608 4352 699 4406 aarum,
711 4349 816 4411 making
832 4352 847 4399 3
863 4350 984 4413 changes.
1020 4355 1132 4414 myreis
1148 4353 1238 4404 Heius
1253 4354 1283 4405 in
1299 4371 1348 4409 ms.
