3008 4800
747 213 764 276 1

218 379 413 464 contingunt
436 377 542 440 mellis
564 376 652 440 dulci
676 376 824 461 flavoque
849 376 983 460 liquore,

218 491 255 545 ut
278 503 450 566 puerorum
473 489 563 572 aetas
587 479 756 563 inprovida
779 479 967 543 ludificetur

216 584 377 648 labrorum
402 592 506 658 tenus,
530 583 654 646 interea
677 592 829 667 perpotet
852 549 1003 645 amaruin
1103 637 1106 644 .

215 686 358 750 absinthi
381 685 510 749 laticem
533 687 734 770 deceptaque
759 709 824 749 non
846 686 1005 769 capiatur,

214 789 269 852 sed
292 788 400 873 potius
423 788 481 852 tali
504 796 599 872 pacto
622 798 768 852 recreata
792 789 943 862 valescat,
1118 858 1121 864 ,

212 891 257 955 sic
279 913 339 977 ego
362 913 455 966 nuno,
479 891 632 975 quoniam
655 890 735 955 haee
757 892 840 956 ratio
864 892 1057 978 plerumque
1081 893 1210 957 videtur

213 996 336 1060 tristior
358 1017 427 1060 esse
449 995 568 1080 quibus
590 1017 655 1058 non
677 1003 727 1058 est
752 1003 900 1070 tractata,
925 1004 1075 1080 retroque

218 1099 330 1184 volgus
352 1098 504 1162 abhorret
527 1096 570 1160 ab
594 1096 662 1173 hae,
685 1096 773 1160 volui
796 1096 858 1160 tibi
881 1098 1123 1182 suaviloquenti
1274 1116 1334 1180 945
1399 1083 1404 1094 ⁵

218 1203 358 1266 carmine
382 1202 487 1266 Pierio
510 1201 669 1265 rationem
693 1222 853 1286 exponere
877 1210 1022 1264 nostram

214 1315 248 1370 et
270 1306 362 1391 quasi
385 1328 515 1369 musaeo
538 1304 626 1369 dulei
648 1305 836 1390 contingere
860 1305 966 1380 melle,

214 1411 242 1474 si
265 1410 327 1474 tibi
350 1411 431 1474 forte
453 1409 600 1476 animum
624 1409 682 1473 tali
704 1409 830 1474 ratione
855 1420 966 1474 tenere

157 1521 160 1534 '
218 1513 362 1578 versibus
384 1514 419 1576 in
441 1512 560 1577 nostris
582 1534 718 1598 possem,
742 1513 820 1576 dum
844 1513 999 1598 perspicis
1021 1535 1148 1578 omnem

215 1625 365 1681 naturam
387 1639 496 1680 rerum
519 1638 584 1701 qua
606 1624 733 1680 constet
755 1626 886 1702 compta
908 1617 1022 1703 figura.
1274 1634 1339 1700 950

137 1699 213 1724 ''⁸’‘
260 1718 326 1784 Sed
347 1719 499 1804 quoniam
524 1718 619 1783 docui
640 1718 834 1784 solidissima
857 1714 1009 1784 materiai

215 1845 347 1908 corpora
368 1832 526 1909 perpetuo
549 1823 685 1887 volitare
708 1821 832 1886 invicta
854 1846 913 1908 per
935 1845 1058 1900 aevom,

214 1947 391 2011 numaga,
414 1924 554 1989 summai
577 1925 737 2009 quaedam
759 1924 803 1989 sit
826 1924 900 1989 finis
924 1947 1034 1990 eorum

158 2069 161 2077 ·
214 2049 314 2092 necne
336 2027 388 2103 sit,
410 2027 616 2106 evolvamus;
644 2027 726 2092 item
750 2027 836 2113 quod
859 2029 956 2093 inane
978 2039 1174 2115 repertumst

215 2153 271 2195 seu
294 2131 382 2195 loeus
404 2153 441 2195 ae
463 2131 617 2216 spatium,
639 2153 691 2194 res
713 2130 748 2193 in
771 2152 835 2215 quo
858 2153 1008 2216 quaeque
1030 2140 1195 2218 gerantur,
1272 2147 1332 2213 955

211 2235 436 2320 pervideamus
459 2243 571 2298 utrum
594 2233 725 2298 finitum
748 2233 898 2298 funditus
921 2258 1016 2298 omne

212 2346 337 2403 constet
359 2361 402 2401 an
424 2337 621 2401 immensum
643 2345 757 2422 pateat
781 2346 938 2422 vasteque
960 2337 1163 2424 profundum.

257 2442 362 2506 Omne
385 2441 472 2526 quod
494 2450 545 2505 est
567 2440 670 2527 igitur
692 2442 783 2505 nulla
805 2443 938 2528 regione
962 2443 1086 2506 viarum
1116 2398 1403 2498 ->b¹”td'·⁸d⁴¹s

166 2542 395 2629 --finitumst;
425 2564 566 2626 namque
589 2550 773 2607 extremum
796 2543 938 2608 debebat
962 2519 1230 2682 habsssedwd

214 2654 395 2710 extremum
418 2668 510 2730 porro
533 2646 656 2709 nullius
679 2667 771 2731 posse
795 2646 925 2711 videtur

213 2768 290 2821 esse,
313 2746 377 2810 nisi
399 2746 486 2810 ultra
508 2746 552 2826 sit
574 2747 660 2832 quod
683 2746 796 2838 finiat3
823 2756 862 2811 ut
886 2746 1035 2811 videatur
1060 2791 1063 2797 -

191 2872 276 2938 ¹quo
298 2872 363 2914 non
386 2850 514 2935 longius
538 2849 617 2914 haec
639 2818 752 2914 sensis
775 2860 895 2915 natura
917 2825 1101 2939 sequatulzi

211 2973 297 3014 nune
319 2959 412 3015 extra
433 2972 594 3014 summam
619 2950 770 3035 quoniam
795 2951 841 3014 nil
864 2973 935 3014 esse
959 2950 1135 3026 fatendum,

211 3054 397 3119 nonhabet
419 3063 612 3131 extremum,
634 3063 722 3119 caret
745 3077 821 3140 ergo
845 3055 909 3119 fine
934 3035 1116 3167 modoque]

211 3177 269 3218 nec
291 3154 390 3219 refert
413 3154 531 3240 quibus
554 3155 692 3219 adsistas
713 3155 901 3241 regionibus
924 3154 1013 3232 eius;
1270 3155 1330 3234 965

212 3254 424 3338 usqueadeo,
447 3276 544 3338 quem
568 3254 705 3339 quisque
729 3253 835 3317 locum
859 3252 1012 3338 possedit,
1035 3253 1070 3317 in
1092 3252 1195 3316 omnis

211 3357 406 3422 tantundem
429 3357 530 3442 partis
553 3357 718 3422 infinitum
743 3380 837 3422 omne
861 3333 1045 3459 relinquit]

210 3469 377 3546 praeterea
399 3460 426 3524 si
448 3459 514 3524 iam
538 3460 668 3524 finitum
691 3459 911 3523 constituatur

212 3581 306 3624 omne
329 3559 415 3644 quod
438 3567 488 3624 est
510 3559 663 3644 spatium,
686 3559 788 3643 siquis
810 3566 978 3643 procurrat
1000 3558 1041 3622 ad
1064 3579 1134 3621 oras

214 3663 349 3726 ultimus
372 3671 533 3727 extremas
556 3662 717 3747 iaciatque
743 3662 872 3726 volatile
896 3661 1009 3736 telum,
1270 3676 1334 3740 970

206 3767 245 3859 ‘id
268 3767 382 3830 validis
405 3777 516 3831 utrum
539 3774 724 3830 contortum
749 3766 872 3830 viribus
897 3768 943 3830 ire

1271 2648 1335 2727 960

125 4047 241 4097 dulatius
252 4049 345 4095 animos
357 4047 424 4108 leges
432 4049 447 4095 ’.
482 4045 534 4116 But
547 4061 573 4093 1v
585 4048 600 4096 7
611 4048 724 4094 9111911191
736 4046 826 4095 Lamb.
855 4049 952 4094 anianus
965 4044 1068 4095 Oreech.
1195 4044 1240 4092 942
1256 4049 1330 4104 pacto

124 4128 215 4178 Heius.
227 4128 254 4177 in
267 4143 314 4176 ms.
328 4131 402 4176 notes
414 4127 466 4176 and
477 4125 558 4176 Laeh.
571 4127 667 4190 rightly
678 4128 717 4176 for
727 4129 808 4187 facto.
898 4128 1086 4178 9541199119911
1099 4126 1173 4174 Pont.
1187 4123 1274 4172 Lamb.
1291 4122 1329 4170 for

122 4225 167 4260 nec
178 4212 220 4259 rit.
329 4210 376 4261 957
387 4217 506 4272 vasteque
518 4209 588 4258 Nico.
601 4208 737 4270 eorrupted
750 4208 804 4257 into
816 4209 943 4270 adamum
961 4207 1004 4255 his
1016 4207 1141 4255 followers
1152 4206 1262 4267 adusque
1274 4204 1328 4252 into

122 4295 163 4342 vel
173 4294 299 4355 adusque3
315 4306 353 4349 or,
365 4306 394 4341 as
406 4292 470 4341 Mar.
483 4305 565 4352 marg.
580 4291 649 4339 Flor.
659 4293 689 4340 32
702 4291 760 4340 Ald.
774 4291 856 4350 tunt,
868 4293 976 4354 patefiat
987 4291 1022 4338 ad
1033 4305 1115 4350 usque.
1194 4288 1328 4339 9669111919

124 4373 195 4423 Nion.
207 4373 247 4422 for
258 4388 351 4424 991999.
468 4373 516 4423 971
528 4373 561 4420 Id
572 4374 667 4422 validis
678 4373 771 4422 Lamb.
784 4373 840 4421 first
853 4372 892 4420 for
903 4373 1038 4420 Invalidia
1075 4370 1142 4419 Flor.
1158 4371 1189 4417 32
1201 4369 1251 4418 and
1264 4369 1327 4417 Mar.

1310 4588 1380 4625 x„-
