3008 4800
224 387 284 429 nec
308 365 432 428 fructus
456 363 541 426 idem
566 363 736 427 arboribus
759 372 906 427 constare
929 364 1076 437 solerent,

224 467 281 530 sed
305 473 519 540 mutarentur,
544 464 626 528 ferre
649 486 761 529 omnes
784 466 893 528 omnia
915 456 1079 552 possentl

224 568 356 652 quippe,
380 566 436 630 ubi
459 589 522 630 non
546 576 655 631 essent
677 568 835 653 genitalia
858 570 1136 653 corporeamque,

224 670 281 756 qui
304 678 413 755 posset
438 678 542 734 mater
565 670 662 734 rebus
684 670 860 734 consistere
883 682 951 735 cert
983 658 1011 772 ll

225 786 260 838 at
284 797 370 839 nunc
393 773 572 839 seminibus
595 775 673 858 quia
695 775 793 838 certis
816 797 964 860 quaeque
987 786 1142 851 creantur,

225 878 301 942 inde
325 879 490 943 enascitur
511 887 612 964 atque
635 901 707 943 oras
729 879 764 942 in
788 879 922 943 luminis
945 881 1022 955 exit,

135 979 139 984 ’
226 981 379 1046 materies
402 981 460 1045 nbi
481 981 568 1045 inest
591 981 748 1067 cuiusque
771 990 806 1046 et
828 1003 959 1066 corpora
981 982 1102 1066 prima;

58 1069 62 1075 ⁴
138 1097 141 1101 ’
226 1091 326 1168 atque
349 1083 409 1146 hac
432 1106 466 1147 re
489 1093 659 1168 nequeunt
682 1107 722 1148 ex
746 1084 897 1148 omnibus
919 1085 1028 1148 omnia
1049 1085 1148 1170 gigni,

226 1185 313 1270 quod
336 1186 433 1250 certis
455 1186 490 1250 in
513 1188 610 1252 rebus
632 1187 719 1252 inest
741 1197 866 1252 secreta
889 1189 1032 1252 facultas.

227 1298 397 1373 praeterea
419 1311 477 1353 cur
499 1310 574 1353 vere
597 1311 710 1363 rosam,
735 1291 899 1356 frumenta
921 1290 1033 1370 ¹calore,

226 1390 311 1455 vites
333 1399 493 1455 autumno
516 1391 609 1456 fundi
632 1393 791 1458 suadente
813 1393 970 1469 videmus,

180 1480 182 1483 ⁵
227 1493 255 1557 ei
277 1517 350 1570 non,
373 1502 463 1559 certa
485 1516 544 1559 suo
566 1496 644 1580 quia
666 1504 812 1581 ternpore
834 1496 960 1561 semina
982 1519 1086 1560 rerum

227 1618 303 1660 cum
325 1597 560 1674 confluxerunt,
584 1598 701 1682 patefit
723 1597 950 1684 quodcumque
972 1608 1107 1674 creatur,

229 1698 308 1762 dum
333 1707 548 1785 tempestates
570 1701 691 1765 adsunt
714 1710 748 1765 et
771 1700 884 1766 vivida
905 1702 1003 1766 tellus

228 1812 302 1869 tuto
325 1827 376 1868 res
400 1813 528 1870 teneras
550 1806 645 1870 effert
667 1805 701 1869 in
725 1806 857 1870 luminis
880 1792 998 1889 orasll
1096 1790 1113 1843 3

227 1907 315 1993 quod
337 1908 365 1972 si
387 1907 428 1973 de
452 1908 518 1972 nilo
540 1908 665 1985 fierent,
688 1909 797 1973 subito
820 1921 1029 1973 exorerentur

228 2012 352 2077 incerto
375 2013 481 2098 spatio
504 2021 603 2098 atque
627 2013 740 2077 alienis
763 2014 912 2098 partibus
935 2014 1020 2090 anni,

229 2115 351 2202 quippe
374 2111 432 2180 ubi
454 2117 545 2180 nulla
568 2116 674 2180 forent
696 2116 874 2201 primordia
895 2139 979 2201 quae
1001 2117 1134 2204 genitali

228 2219 362 2284 concilio
385 2227 517 2304 possent
540 2219 641 2284 arceri
665 2228 810 2304 tempore
834 2212 977 2308 iniquol

134 2398 140 2411 Ι
229 2344 290 2387 nec
312 2344 406 2408 porro
429 2323 587 2409 augendis
610 2324 707 2388 rebus
730 2323 835 2408 spatio
859 2323 941 2387 foret
964 2345 1042 2387 usus

228 2426 363 2490 seminis
385 2425 427 2490 ad
450 2425 582 2502 coitum,
605 2425 633 2490 si
656 2448 674 2490 e
696 2426 763 2490 nilo
785 2448 926 2491 crescere
949 2437 1098 2511 possent3

229 2550 304 2591 nam
328 2527 444 2592 fierent
468 2527 602 2593 iuvenes
624 2529 735 2593 subito
758 2551 798 2593 ex
820 2529 993 2592 infantibu’
1016 2529 1122 2614 parvis

229 2639 422 2716 eternaque
445 2640 558 2696 exorta
581 2643 716 2717 repente
739 2632 873 2697 arbusta
895 2616 1059 2712 salirentl

229 2755 368 2818 quorum
391 2733 438 2797 nil
462 2733 534 2798 fieri
556 2734 768 2799 manifestum
791 2744 849 2810 est,
872 2735 981 2799 omnia
1003 2735 1130 2818 quando

229 2837 389 2922 paulatim
413 2845 570 2914 crescunt,
593 2846 632 2902 ut
654 2859 714 2923 par
735 2847 794 2914 est,
882 2889 888 2902 .
977 2890 983 2902 .
1073 2890 1078 2901 .

230 2989 814 3004 .......
846 2941 969 3004 semine
992 2949 1078 3004 certo

224 3052 475 3128 crescentesque
497 3065 601 3129 genus
623 3052 774 3122 servant3
804 3052 843 3107 ut
866 3065 995 3108 noscere
1018 3046 1119 3128 possis

230 3145 370 3231 quicque
392 3169 452 3210 sua
473 3146 514 3210 de
538 3147 676 3211 materia
698 3146 909 3234 grandescere
932 3146 1047 3231 alique.
1065 3118 1078 3210 l

231 3249 295 3314 huc
317 3249 444 3315 accedit
466 3250 517 3314 uti
540 3250 610 3315 sine
633 3250 731 3314 certis
753 3249 912 3314 imbribus
935 3249 1012 3314 anni

231 3354 387 3418 laetificos
409 3363 551 3439 nequeat
574 3353 660 3418 fetus
682 3353 877 3418 submittere
900 3353 997 3417 tellus

197 3467 200 3476 '
230 3480 290 3522 neo
312 3480 406 3544 porro
429 3469 553 3522 secreta
575 3457 647 3522 cibo
668 3466 788 3522 natura
810 3457 1013 3521 animantum

230 3583 408 3648 propagare
430 3582 534 3647 genus
556 3561 658 3646 possit
681 3561 848 3646 vitamque
871 3560 975 3638 tueri;
1293 3577 1349 3642 195
1454 3562 1456 3566 ’

143 3791 256 3839 volucres
269 3788 321 3839 and
332 3797 455 3847 ammata,
468 3789 520 3837 and
536 3803 604 3838 none
616 3789 682 3838 atter
696 3791 772 3840 coelo.
807 3787 901 3838 Lamb.
917 3793 978 3850 puts
993 3788 1096 3838 aculon
1108 3788 1173 3838 atter
1183 3790 1289 3851 pecudes
1301 3787 1355 3837 and

144 3871 223 3921 altera
240 3878 351 3920 terrerent
369 3874 397 3920 to
415 3878 517 3920 teneret.
618 3871 666 3920 168
686 3877 757 3920 certo
774 3871 797 3919 A
813 3884 880 3920 corr.
899 3870 970 3920 Nico.
993 3871 1032 3918 for
1051 3871 1129 3918 derta.
1229 3869 1276 3919 176
1292 3871 1355 3931 quia

144 3951 378 4004 Flor.310amb.
399 3965 525 4013 superscr.
546 3949 658 4014 torqui.
760 3953 807 4002 175
828 3953 905 4000 Vites.
928 3954 994 4001 Uvoa
1014 3951 1090 4000 Pont.
1189 3951 1236 4000 177
1255 3958 1356 3999 creatur

145 4032 169 4080 A
188 4045 254 4081 corr.
275 4031 348 4082 Nico.
369 4031 410 4080 lor
429 4039 526 4081 creatu.
627 4032 674 4082 185
690 4033 714 4081 ai
734 4047 747 4081 e
767 4034 828 4082 ailo.
863 4034 977 4081 eaibz'lo
997 4033 1020 4080 at
1039 4031 1113 4080 Junt.
1131 4029 1223 4080 hamb.
1240 4033 1288 4080 etc.
1309 4033 1355 4079 not

145 4113 523 4174 Mar.:a02910uruflumcn.
552 4113 844 4176 fiamcucumhamb.;
863 4115 972 4164 113681‘
990 4115 1138 4176 inplebeia.
1172 4114 1197 4161 ai
1210 4114 1310 4176 plebeia
1327 4115 1356 4162 in

146 4193 217 4243 Mon.
229 4194 245 4243 J
247 4198 304 4246 unt.
319 4193 373 4244 and
384 4192 476 4243 Lamb.
487 4208 493 4242 :
511 4193 540 4242 in
551 4193 587 4243 all
599 4208 671 4244 cases
683 4195 786 4257 against
797 4209 858 4245 mss.
873 4195 927 4245 and
937 4196 982 4245 the
992 4209 1070 4257 usage
1081 4195 1108 4243 ol
1118 4193 1262 4244 Lucretius.

147 4276 195 4326 189
205 4274 251 4325 the
262 4275 492 4325 homoeoteleuton
503 4274 552 4325 has
564 4275 690 4338 probably
702 4275 797 4326 caused
808 4290 824 4325 a
837 4291 860 4325 v.
874 4278 901 4326 ol
918 4276 971 4326 this
982 4275 1045 4325 kind
1056 4279 1083 4325 to
1094 4275 1157 4338 drop
1168 4278 1231 4325 out:
1250 4284 1355 4340 tentpore

145 4363 223 4415 certo,
235 4357 286 4405 Rea
298 4358 420 4418 quoniam
430 4362 545 4404 crescunt
556 4370 638 4405 caraea
649 4357 679 4405 de
690 4372 711 4405 e.
723 4371 745 4405 c.
780 4355 861 4406 [rach.
877 4355 1030 4417 awkwardly
1040 4364 1068 4404 ut
1079 4370 1130 4417 por
1141 4362 1177 4403 est
1188 4354 1278 4404 terniue
1288 4363 1355 4404 certo
