3008 4800
190 391 266 454 ergo
288 367 418 429 animus
440 387 516 428 cum
539 386 609 428 sese
631 365 681 428 ita
703 377 885 430 commovet
907 377 946 431 ut
968 368 1047 432 velit
1069 369 1115 434 ire

190 471 289 555 inque
310 468 414 554 gredi,
436 467 513 529 ferit
535 467 701 551 extemplo
725 489 808 551 quae
831 469 1017 554 incorpore
1042 480 1110 535 toto

190 596 248 658 per
270 570 417 634 membra
438 580 538 654 atque
561 579 653 634 artus
674 571 797 634 animai
818 572 934 636 dissita
956 573 1004 636 vis
1026 558 1106 669 est}

190 686 225 739 et
247 673 373 737 facilest
395 673 493 748 factu,
517 672 671 756 quoniam
694 674 868 737 coniuncta
890 659 1048 777 tenetur}

190 779 266 842 inde
288 799 327 840 ea
349 798 502 860 proporro
524 798 641 861 corpus
663 777 748 853 ferit,
770 788 870 862 atque
893 779 941 842 ita
963 789 1033 843 tota

189 881 349 966 paulatim
372 880 474 944 moles
496 880 702 964 protruditur
723 890 825 966 atque
848 867 1021 963 movetur}

189 992 359 1068 praeterea
380 992 453 1047 tum
476 983 611 1047 rarescit
633 1005 761 1069 quoque
783 1007 900 1069 corpus
922 995 957 1049 et
979 1008 1042 1062 aer,

190 1085 313 1149 scilicet
335 1095 374 1149 ut
397 1086 497 1150 debet
519 1085 577 1170 qui
599 1107 727 1171 semper
749 1087 879 1151 mobilis
900 1096 1001 1165 extat,

189 1211 248 1274 per
269 1190 434 1274 patefacta
457 1189 548 1252 venit
569 1197 787 1274 penetratque
810 1191 968 1254 foramina
989 1191 1096 1276 largus

190 1302 224 1357 et
247 1293 446 1378 dispargitur
469 1293 512 1356 ad
535 1293 640 1377 partis
662 1292 710 1357 ita
732 1316 877 1379 quasque
900 1295 1042 1359 minutas

188 1379 359 1480 corporisl
381 1397 435 1459 hic
456 1396 559 1480 igitur
581 1395 679 1458 rebus
700 1395 739 1459 fit
761 1395 927 1480 utrimque
950 1396 1085 1475 duabus,

188 1499 353 1583 †corporis
376 1506 416 1562 ut
437 1520 476 1562 ac
498 1497 592 1560 navis
614 1497 694 1561 velis
717 1505 880 1581 ventoque
903 1475 1050 1602 feratur!

189 1625 248 1666 nec
270 1612 383 1666 tamen
407 1600 490 1665 illud
513 1601 548 1664 in
572 1599 624 1664 his
645 1601 743 1664 rebus
765 1601 913 1665 mirabile
934 1611 1070 1679 constat,

189 1706 319 1771 tantula
342 1704 429 1790 quod
453 1713 586 1768 tantum
608 1726 725 1789 corpus
747 1705 937 1789 corpuscula
958 1715 1092 1791 possunt

189 1819 400 1895 contorquere
422 1816 458 1873 et
481 1829 564 1872 onus
586 1816 695 1872 totum
718 1817 905 1874 convertere
927 1789 1097 1899 nostrum}

190 1912 310 1997 quippe
333 1911 457 1975 etenim
482 1917 601 1974 ventus
619 1909 738 1998 suptili
759 1931 889 1994 corpore
912 1913 1017 1975 tenvis

190 2016 294 2080 trudit
316 2038 417 2102 agens
440 2035 594 2099 magnam
617 2035 735 2099 magno
758 2013 925 2078 molimine
947 2036 1063 2080 navem

188 2126 222 2183 et
244 2139 361 2181 manus
383 2138 450 2180 una
473 2116 559 2202 regit
581 2114 752 2200 quantovis
775 2116 898 2200 impete
921 2126 1054 2182 euntem

187 2229 286 2306 atque
308 2218 543 2306 gubernaclum
567 2226 759 2303 contorquet
780 2218 927 2303 quolibet
950 2242 1060 2298 unum,

187 2324 354 2409 multaque
376 2345 436 2409 per
458 2323 595 2386 trocleas
617 2329 651 2385 et
675 2330 831 2406 tympana
853 2322 993 2407 pondere
1015 2347 1132 2411 magno
1244 2347 1304 2410 905

189 2439 369 2494 commovet
392 2436 493 2513 atque
516 2427 581 2490 levi
603 2425 747 2490 sustollit
770 2425 921 2490 machina
942 2412 1044 2519 nisul

232 2534 331 2599 Nunc
354 2533 473 2619 quibus
496 2531 552 2595 ille
576 2531 680 2594 modis
702 2552 835 2594 somnus
857 2553 915 2616 per
937 2532 1081 2596 membra
1103 2533 1246 2618 quietem

189 2637 309 2723 inriget
331 2644 432 2720 atque
455 2633 557 2698 animi
581 2655 674 2698 curas
695 2654 714 2697 e
737 2641 867 2718 pectore
889 2634 1001 2710 solvat,

188 2739 362 2804 suavidicis
385 2738 617 2824 potiusquam
640 2736 754 2800 multis
776 2735 922 2801 versibus
945 2735 1057 2817 edam;

189 2865 307 2928 parvus
330 2852 369 2906 ut
392 2851 443 2907 est
466 2841 558 2927 cycni
581 2839 694 2905 melior
716 2862 820 2916 canor,
843 2839 898 2906 ille
920 2862 1038 2926 gruum
1061 2864 1158 2927 quam
1244 2863 1308 2926 910

189 2946 310 3011 clamor
331 2945 365 3008 in
387 2944 550 3009 aetheriis*
567 2944 732 3028 dispersus
754 2943 897 3007 nubibus
919 2930 1049 3044 austri}

188 3058 225 3114 tu
249 3049 330 3113 mihi
352 3048 394 3113 da
417 3048 527 3113 tenuis
550 3069 644 3111 aures
665 3046 877 3131 animumque
898 3069 1054 3132 sagacem,

189 3175 230 3217 ne
252 3152 323 3217 fieri
346 3152 474 3238 negites
497 3173 582 3236 quae
605 3150 711 3213 dicam
733 3171 826 3234 posse
849 3160 998 3234 retroque

189 3279 265 3321 vera·
287 3255 470 3340 repulsanti
491 3254 638 3319 discedas
660 3263 790 3338 pectore
813 3252 909 3328 dicta,
942 3284 945 3291 ·

189 3360 324 3424 tutimct
347 3360 382 3422 in
404 3358 502 3443 culpa
524 3381 598 3422 cum
621 3359 665 3422 sis
687 3380 793 3443 neque
817 3381 946 3423 cernere
969 3341 1097 3475 possisl
1243 3381 1303 3444 915

187 3461 346 3549 principio
369 3484 501 3526 somnus
523 3461 562 3525 fit
586 3462 642 3525 ubi
665 3471 716 3526 est
738 3462 894 3526 distracta
915 3485 973 3548 per
994 3472 1083 3528 artus

188 3567 236 3630 vis
259 3566 387 3630 animae
410 3566 597 3650 partimque
619 3566 703 3628 foras
726 3564 829 3630 eiecta
851 3566 981 3629 recessit

189 3677 222 3730 et
244 3666 365 3752 partim
389 3675 540 3730 contrusa
564 3666 667 3752 magis
689 3667 847 3731 concessit
869 3667 904 3730 in
926 3667 1046 3747 altum;

187 3770 414 3834 dissoluuntur
437 3769 525 3832 enim
552 3777 625 3833 tum
647 3769 779 3832 demum
803 3769 948 3833 membra
970 3749 1176 3892 fluuntquel

104 3937 192 3987 bamb.
206 3938 256 3988 Gis„
273 3937 367 3986 Oreeeh
379 3940 427 3986 etc.
443 3936 567 3998 wrongly.
634 3936 858 3986 commemorer
871 3938 935 3988 Mar.
950 3938 990 3986 for
1000 3946 1120 3990 emutare.
1188 3940 1237 3992 890
1242 3943 1307 4004 serit

104 4019 165 4068 Mar.
177 4019 235 4068 Ald.
249 4021 262 4067 1
275 4019 349 4067 Junt.
361 4019 402 4067 for
410 4020 487 4081 perit.
610 4018 658 4068 897
670 4017 827 4088 iscorrupt:
846 4033 886 4067 see
897 4021 972 4068 notes
984 4020 1006 4068 2.
1043 4019 1137 4082 Corpus
1148 4027 1176 4070 at
1188 4023 1221 4070 ad
1233 4025 1306 4072 navia

104 4100 148 4150 Ed
167 4101 195 4149 in
212 4101 251 4149 ed.
270 4101 292 4148 2.
331 4103 415 4162 Aeque
431 4099 460 4147 id
474 4105 502 4146 ut
517 4113 548 4148 oc
564 4101 638 4147 navic
653 4098 731 4147 Bern.
748 4099 802 4148 and
816 4098 865 4148 Ed.
881 4099 910 4148 in
925 4099 965 4148 ed.
982 4101 1005 4148 1.
1040 4103 1154 4164 Corporis
1172 4109 1200 4150 ut
1217 4103 1304 4154 Gamb.

104 4181 158 4230 Vat.
170 4181 248 4232 3276:
266 4181 322 4230 also
334 4179 415 4229 Lach.
428 4180 495 4228 after
508 4179 634 4229 Muretus.
665 4180 760 4242 Corpus
772 4183 820 4240 uti,
833 4188 861 4228 ut
873 4181 964 4230 Lamb.
978 4181 1080 4230 Oreeoh.
1108 4185 1169 4232 celis
1179 4191 1306 4248 ventoque.

104 4265 172 4313 remis
183 4270 303 4324 ventoque
315 4261 446 4311 Gassendi
459 4276 537 4324 opera
549 4276 570 4309 11
583 4277 607 4324 p.
620 4263 669 4311 506
680 4261 705 4310 b.
834 4263 882 4314 905
890 4265 999 4326 pondere
1011 4279 1107 4326 crocco.
1142 4265 1237 4316 ‘immo
1245 4283 1306 4329 pon·

104 4347 162 4394 dero
173 4344 276 4406 mayna’
287 4337 365 4392 Lech.
380 4343 491 4393 without
503 4343 570 4404 good
582 4358 688 4392 reason:
707 4359 792 4407 comp.
804 4359 819 4390 v
831 4345 888 4394 556.
1001 4347 1049 4395 915
1062 4349 1170 4396 Tutimct
1182 4347 1231 4399 Ed.
1246 4350 1307 4399 with
