3008 4800
735 215 767 279 V

197 420 199 424 =
230 379 258 442 si
280 383 391 442 tamen
414 377 540 441 interea
562 376 723 439 mirantur
746 398 811 460 qua
834 376 960 439 ratione

230 502 377 567 quaeque
399 479 468 562 geri
491 479 625 563 possint,
649 477 840 562 praesertim
864 479 960 540 rebus
983 477 1017 541 in
1040 477 1103 542 illis

230 605 312 668 quae
335 604 452 667 supera
473 590 574 666 caput
596 581 751 645 aetheriis
774 591 953 645 cernuntur
975 581 1009 644 in
1033 582 1103 655 oria,
1308 587 1345 662 85

229 707 339 749 rursus
361 685 396 748 in
418 685 573 769 antiquas
595 684 783 804 releguntur
805 684 977 769 religiones

230 797 264 852 et
286 788 432 851 dominos
455 788 537 851 acris
602 787 754 862 sciscunt,
777 787 887 850 omnia
908 808 1002 872 posse

229 913 308 976 quos
331 891 440 954 miseri
462 891 609 967 credunt,
632 881 738 975 ignari
761 890 841 976 quid
863 899 964 975 queat
986 911 1063 966 esse,

228 993 307 1079 quid
329 1002 478 1078 nequeat,
502 993 598 1057 finita
619 1001 765 1086 potestas
787 993 930 1077 denique
952 992 1069 1077 cuique

229 1119 369 1182 quanam
392 1097 436 1182 sit
458 1097 585 1161 ratione
608 1105 707 1182 atque
730 1096 798 1160 alte
821 1095 983 1160 terminus
1006 1095 1149 1160 haerens.
1234 1101 1295 1156 s
1306 1114 1349 1176 90

273 1200 368 1279 Quod
390 1207 547 1286 superest,
570 1221 611 1263 ne
634 1208 668 1263 te
690 1198 726 1262 in
748 1197 915 1283 promissis
937 1197 1031 1283 plura
1053 1219 1222 1272 moremur,

228 1302 387 1388 principio
409 1303 512 1366 maria
534 1324 572 1365 ac
595 1310 698 1365 terras
720 1301 914 1385 caelumque
939 1308 1049 1378 tuere3
1107 1358 1110 1362 .

200 1465 204 1477 ,
229 1427 365 1490 quorum
388 1415 540 1469 naturam
563 1405 734 1490 triplicem,
757 1405 822 1468 tria
844 1426 984 1489 corpora,
1009 1404 1153 1482 Memmi,
1175 1471 1176 1475 ,

229 1509 287 1573 tris
310 1509 431 1593 species
454 1516 523 1572 tam
546 1508 722 1584 dissimilis,
745 1508 810 1571 tria
833 1506 913 1571 talia
936 1514 1035 1583 texta,

229 1635 294 1676 una
316 1612 385 1677 dies
406 1612 500 1676 dabit
523 1611 633 1703 esitio,
656 1611 843 1695 multosque
865 1633 925 1696 per
947 1632 1047 1674 annos

227 1725 412 1781 sustentata
433 1725 508 1781 ruet
531 1691 637 1816 riib'les
655 1725 689 1780 et
713 1716 865 1780 machina
888 1715 1011 1779 mundi

227 1843 287 1885 nec
310 1843 361 1885 me
383 1821 485 1884 animi
508 1820 593 1884 fallit
612 1797 714 1905 lpidam
737 1841 789 1883 res
811 1842 896 1884 nova
918 1818 1064 1904 miraque
1086 1820 1191 1883 menti

228 1924 353 1988 accidat
376 1924 514 1988 exitium
537 1923 620 1988 caeli
643 1933 814 2008 terraeque
837 1923 998 1999 futurum,

228 2037 263 2090 et
285 2048 382 2111 quam
405 2026 535 2090 difficile
557 2026 592 2090 id
616 2026 697 2089 mihi
719 2026 765 2090 sit
787 2026 976 2111 pervincere
998 2024 1110 2103 dictis;

228 2136 267 2193 ut
289 2129 327 2193 fit
350 2128 408 2192 ubi
430 2128 595 2193 insolitam
618 2151 687 2192 rem
710 2128 863 2212 adportes
885 2128 1019 2192 auribus
1041 2136 1117 2192 ante
1289 2146 1348 2194 100

227 2254 287 2295 nec
309 2240 420 2295 tamen
443 2231 527 2294 hanc
549 2231 651 2315 possis
674 2230 841 2295 oculorum
864 2231 1001 2295 subdere
1024 2231 1094 2294 visu

227 2356 286 2398 nec
307 2334 513 2399 iacereindu
536 2356 661 2410 manus,
684 2334 738 2397 via
760 2355 826 2418 qua
848 2334 978 2397 munita
999 2333 1076 2397 fidei

227 2440 373 2524 proxima
396 2439 458 2502 fert
481 2439 662 2502 humanum
685 2438 720 2501 in
743 2446 859 2522 pectus
882 2439 1069 2522 templaque
1091 2415 1236 2539 mentis}

174 2566 176 2570 ’
228 2543 284 2606 sed
307 2550 417 2607 tamen
441 2521 588 2634 effabor}
617 2541 713 2606 dictis
736 2541 829 2606 dabit
851 2543 923 2626 ipsa
945 2542 1043 2606 fidem
1064 2564 1116 2606 res

227 2646 359 2711 forsitan
383 2654 417 2710 et
439 2645 583 2732 graviter
606 2653 767 2708 terrarum
792 2645 936 2709 motibus
959 2645 1039 2709 ortis
1289 2662 1344 2727 105

228 2749 336 2814 omnia
357 2749 563 2833 conquassari
586 2751 620 2812 in
642 2771 741 2834 parvo
765 2757 914 2834 tempore
937 2727 1070 2833 cernesl

228 2854 314 2938 quod
335 2854 446 2940 procul
469 2876 489 2917 a
511 2854 604 2917 nobis
626 2853 738 2918 flectat
761 2854 893 2917 fortuna
914 2853 1108 2938 gubernans,
1190 2853 1195 2868 ’

227 2967 262 3020 et
282 2958 364 3020 ratio
387 2957 498 3061 potius
542 2978 619 3019 uam
642 2979 692 3020 res
715 2955 910 3041 persuadeat
933 2957 1005 3041 ipsa

227 3061 390 3125 succidere
411 3038 578 3124 bordisono
601 3083 692 3145 posse
715 3060 825 3125 omnia
847 3060 936 3123 victa
959 3040 1110 3159 fragore}

271 3164 358 3247 [Qua
379 3165 469 3249 prius
491 3163 663 3250 adgrediar
685 3151 785 3248 quam
807 3165 848 3229 de
871 3186 906 3228 re
930 3164 1064 3228 sundere
1086 3164 1154 3228 fata
1288 3184 1347 3230 110

226 3265 369 3328 sanctius
392 3274 426 3329 et
448 3265 552 3329 multo
575 3273 665 3329 certa
686 3266 815 3329 ratione
838 3266 943 3350 magis
966 3287 1061 3349 quarn

230 3367 348 3451 Pythia
371 3390 455 3452 quae
478 3358 605 3452 tripode
628 3390 648 3430 a
671 3368 794 3432 Phoebi
817 3367 973 3452 lauroque
995 3367 1147 3452 profatur,

227 3471 331 3535 multa
354 3472 415 3535 tibi
439 3471 609 3556 expediam
633 3473 737 3535 doctis
760 3471 880 3535 solacia
903 3471 1021 3547 dictis3

227 3575 382 3662 religione
405 3577 586 3640 refrenatus
609 3599 654 3640 ne
674 3577 756 3640 forte
779 3576 880 3640 rearis

228 3686 329 3743 terras
351 3688 385 3743 et
408 3680 508 3743 solem
531 3688 565 3742 et
588 3680 723 3754 caelum,
747 3701 837 3744 mare
860 3679 968 3744 sidera
990 3680 1110 3754 lunam,
1289 3698 1344 3761 115

227 3805 356 3868 corpore
378 3784 488 3848 divino
510 3785 629 3849 debere
653 3794 786 3850 aeterna
809 3809 950 3860 manere,

228 3896 460 3971 proptereaque
483 3897 581 3972 putes
604 3888 669 3951 ritu
693 3910 752 3973 par
775 3910 845 3952 esse
869 3888 1049 3975 Gigantum

227 3989 366 4074 pendere
389 4013 443 4054 eos
466 4013 586 4076 poenas
609 3991 734 4055 inmani
757 4014 815 4077 pro
837 3993 957 4056 scelere
981 3992 1085 4056 omnis

228 4093 283 4176 qui
306 4092 430 4157 ratione
454 4116 513 4158 sua
535 4094 722 4159 disturbent
746 4096 874 4159 moenia
897 4095 1011 4160 mundi

144 4276 188 4326 the
200 4291 245 4325 use
257 4277 285 4325 ol
294 4277 370 4326 Lucr.
503 4278 550 4326 114
568 4279 700 4340 Ηεῑίρὶοπι
713 4279 784 4329 Nicc.
796 4280 854 4331 Ver.
869 4279 933 4328 Ven.
968 4281 1109 4340 Rollior‘one
1121 4279 1164 4328 AB
1176 4279 1204 4328 in
1213 4278 1265 4328 this
1276 4280 1348 4342 place

144 4358 214 4420 only,
228 4357 296 4408 Flor.
311 4359 342 4406 31
354 4358 443 4408 Gamb.
456 4359 527 4408 Mon.
607 4360 654 4410 116
666 4359 849 4412 lacerarunt.
863 4360 904 4410 lor
915 4376 1005 4411 oreore.
1081 4362 1127 4412 117
1136 4375 1186 4422 por
1198 4360 1262 4410 Mar.
1274 4361 1346 4412 Junt.
