3008 4800
191 215 255 264 200
767 199 828 263 1v.

300 361 523 446 maiorumque
545 362 644 425 refert
667 362 775 426 voltus
797 383 953 447 vocesque
975 383 1153 446 comasque.

199 481 278 545 1227
302 473 336 528 et
358 465 516 529 muliebre
539 465 643 529 oritur
664 464 770 551 patrio
791 466 833 530 de
855 465 977 530 semine
1000 466 1142 530 saeclum

301 577 511 653 maternoque
535 591 639 632 mares
662 569 808 634 existunt
830 592 960 654 corpore
983 570 1081 648 creti;

200 687 275 751 1225
302 670 561 756 quandoquidem
585 671 653 736 nilo
675 673 778 757 magis
801 672 880 736 haec
902 673 941 737 de
963 673 1086 736 semine
1108 681 1196 736 certo

301 774 387 838 fiunt
410 797 507 859 quam
531 775 628 838 facies
650 782 685 837 et
707 795 838 859 corpora
860 774 1070 859 membraque
1092 775 1200 853 nobis;

303 900 430 964 semper
451 881 539 943 enim
562 887 676 964 partus
698 878 821 961 duplici
842 877 883 942 de
905 878 1029 942 semine
1050 886 1185 954 constat,

303 990 402 1067 atque
424 984 492 1047 utri
514 982 652 1046 similest
674 983 778 1067 magis
799 982 833 1046 id
855 982 1082 1067 quodcumque
1104 990 1240 1057 creatur,

305 1085 375 1150 eius
397 1085 497 1150 habet
518 1085 593 1170 plus
615 1091 709 1169 parte
730 1106 852 1168 aequa3
881 1084 968 1169 quod
990 1106 1120 1149 cernere
1141 1083 1252 1169 possis,

248 1169 250 1172 ⁵
304 1179 372 1252 sive
394 1187 500 1251 virum
523 1187 652 1250 suboles
674 1186 774 1250 sivest
796 1185 964 1250 muliebris
987 1168 1106 1283 origo]

349 1290 420 1354 Nec
441 1290 552 1354 divina
574 1298 684 1353 satum
706 1290 881 1375 genitalem
904 1291 1041 1354 numina
1058 1290 1213 1375 cuiquam

304 1393 496 1470 absterrent,
518 1401 613 1478 pater
635 1416 655 1457 a
676 1393 785 1479 gnatis
807 1416 850 1457 ne
872 1393 1021 1457 dulcibus
1043 1415 1198 1478 umquam

305 1490 488 1580 appelletur
510 1502 545 1559 et
566 1502 606 1557 ut
627 1494 732 1559 sterili
753 1495 879 1559 Venere
902 1495 1013 1581 exigat
1035 1517 1168 1574 aevom;

306 1599 393 1683 quod
415 1599 606 1685 plerumque
628 1607 749 1685 putant
771 1608 805 1664 et
828 1601 933 1665 multo
955 1601 1114 1686 sanguine
1136 1601 1253 1665 maesti

307 1711 525 1789 conspergunt
547 1725 619 1766 aras
641 1703 837 1788 adolentque
859 1703 977 1767 altaria
998 1704 1099 1781 donis,

241 1793 247 1800 ’
307 1814 346 1869 ut
368 1806 517 1892 gravidas
538 1806 678 1872 reddant
701 1829 816 1872 uxores
838 1807 961 1871 semine
984 1783 1095 1899 largol

308 1909 506 1995 nequiquam
528 1909 636 1973 divom
659 1903 782 1974 numen
802 1910 963 1994 sortisque
985 1911 1134 1997 fatigant.

307 2035 383 2075 nam
405 2013 532 2077 steriles
553 2013 693 2076 nimium
715 2035 819 2078 crasso
841 2021 919 2077 sunt
941 2014 1064 2078 semine
1086 2014 1206 2099 partim

309 2125 343 2180 et
365 2116 488 2202 liquido
510 2126 639 2202 praeter
661 2117 785 2182 iustum
809 2117 967 2202 tenuique
990 2089 1154 2207 vicissiml

310 2228 408 2283 tenve
430 2219 506 2283 locis
529 2221 607 2305 quia
628 2242 694 2283 non
716 2220 802 2305 potis
824 2230 874 2284 est
896 2220 1037 2306 adfigere
1059 2220 1245 2298 adhaesum,

309 2323 447 2408 liquitur
468 2324 631 2409 extemplo
654 2333 690 2388 et
711 2333 897 2388 revocatum
919 2323 1008 2388 cedit
1029 2312 1173 2451 abortu}

309 2428 446 2492 crassius
468 2428 519 2492 his
541 2450 634 2513 porro
657 2428 810 2513 quoniam
833 2427 1014 2492 concretius
1037 2450 1141 2512 aequo

310 2531 464 2608 mittitur,
488 2541 632 2595 autnon
657 2545 724 2595 tam
748 2530 869 2617 prolixo
892 2530 1038 2615 provolat
1059 2531 1128 2594 ictu

311 2643 369 2699 aut
392 2644 561 2720 penetrare
585 2636 669 2700 locos
691 2657 794 2719 aeque
816 2635 931 2719 nequit
953 2642 1012 2698 aut
1034 2643 1242 2720 penetratum

311 2759 405 2822 aegre
428 2738 625 2802 admiscetur
647 2737 799 2801 muliebri
820 2737 944 2800 semine
966 2722 1098 2834 semen}

312 2862 387 2903 nam
411 2840 551 2904 multum
575 2840 761 2904 harmoniae
784 2840 919 2904 Veneris
941 2839 1070 2904 differre
1094 2809 1269 2944 videntur}

312 2951 410 3027 atque
433 2942 512 3007 alias
534 2942 591 3006 alii
613 2943 778 3028 complent
801 2942 904 3028 magis
926 2964 965 3006 ex
989 2941 1125 3027 aliisque

313 3045 495 3130 succipiunt
518 3045 601 3109 aliae
623 3045 750 3131 pondus
773 3045 876 3130 magis
898 3045 997 3130 inque
1019 3012 1240 3155 gravescuntl
1324 3061 1406 3127 1250

314 3158 347 3212 et
370 3149 493 3212 multae
515 3149 641 3213 steriles
665 3149 864 3234 Hymenaeis
886 3157 962 3212 ante
986 3150 1119 3214 suerunt

314 3254 461 3339 pluribus
483 3264 517 3319 et
539 3263 654 3318 nactae
677 3262 750 3339 pdst
773 3262 850 3317 sunt
873 3263 984 3318 tamen
1008 3253 1093 3317 unde
1138 3254 1240 3318 uellos

313 3358 474 3442 suscipere
497 3366 531 3422 et
554 3365 651 3442 partu
675 3365 805 3443 possent
828 3357 985 3421 ditescere
1008 3275 1138 3435 dulcil

313 3467 350 3523 et
372 3459 490 3544 quibus
511 3468 589 3523 ante
612 3459 700 3523 domi
724 3459 879 3523 fecundae
902 3481 998 3544 saepe
1020 3458 1209 3544 nequissent

313 3585 428 3626 uxores
450 3584 570 3647 parere,
593 3563 761 3627 inventast
783 3563 847 3627 illis
869 3585 998 3648 quoque
1020 3584 1149 3647 compar
1328 3576 1406 3644 1255

313 3675 437 3744 natura,
460 3675 499 3730 ut
521 3675 653 3752 possent
675 3666 784 3753 gnatis
807 3666 934 3731 munire
956 3655 1149 3782 senectamq

208 3853 286 3900 1110110
297 3851 385 3899 modis.
497 3852 560 3900 1222
571 3851 603 3900 ab
615 3851 694 3902 Lach.
710 3852 749 3901 lor
760 3869 786 3901 0.
897 3853 959 3900 1225
973 3848 1408 3915 1226(12271228)1haretrans·

207 3933 290 3982 sarred
305 3932 401 3994 nither,
422 3932 466 3982 the
483 3949 557 3983 senso
574 3934 707 3996 requiring
724 3934 769 3984 the
784 3934 890 3997 change.
1012 3935 1075 3984 1227
1092 3935 1121 3982 de
1139 3930 1223 3982 added
1240 3932 1272 3993 by
1288 3931 1358 3980 Flor.
1376 3932 1408 3979 31

208 4016 282 4066 Pont.
294 4017 360 4065 Mar.
372 4016 446 4066 Junt.
459 4032 476 4065 a
487 4017 583 4068 Avano.
702 4020 790 4080 inopia.
804 4021 888 4066 minua
899 4017 991 4066 Lamb.
1004 4015 1122 4065 followed
1133 4015 1167 4077 by
1178 4015 1214 4064 all
1226 4014 1311 4063 before
1327 4014 1408 4063 Lach.

256 4098 319 4147 1230
336 4099 498 4160 quodcunque
515 4099 585 4147 Flor.
603 4101 634 4148 31
653 4100 743 4148 (lamb.
761 4101 818 4150 Ver.
838 4100 902 4148 Ven.
920 4101 985 4151 Mar.
1006 4100 1045 4148 for
1061 4114 1218 4162 paucumque.

256 4182 320 4229 1234
333 4189 408 4244 pater
425 4197 441 4228 a
456 4184 542 4242 pratia
558 4182 659 4241 Brix.‘l‚
672 4183 746 4233 Pont.
762 4183 827 4231 Mar.
839 4182 897 4231 Ald.
911 4184 924 4230 1
936 4183 1011 4233 lunt.
1025 4183 1064 4231 lor
1077 4189 1181 4245 procur
1197 4182 1308 4242 aquatis.

256 4263 320 4310 1243
342 4263 410 4312 cedit
432 4262 506 4314 Pont.
530 4264 595 4312 Mar.
617 4264 676 4314 Ald.
700 4266 714 4312 1
736 4255 811 4314 tunt.
834 4265 874 4314 lor
896 4267 985 4315 credit.
1117 4264 1181 4312 1244
1205 4265 1244 4312 lu'a
1265 4259 1345 4312 Irach
1371 4261 1412 4311 101
1458 4294 1460 4298 -

208 4344 255 4393 hic.
390 4345 453 4393 1252
467 4353 526 4407 port
541 4354 601 4394 sunt
618 4345 710 4395 Lamb.
727 4347 784 4396 first
800 4346 840 4396 for
853 4356 970 4411 pomum
994 4346 1094 4410 though
1110 4346 1187 4394 Luor.
1204 4343 1317 4407 perhaps
1332 4347 1412 4395 wrote
