3008 4800
691 201 747 265 III

209 365 295 450 quod
318 386 422 452 genus
444 373 502 439 est,
527 363 636 427 animo
660 363 746 426 male
771 363 895 426 factum
920 385 996 427 cum
1018 365 1209 448 perhibetur

208 477 267 531 aut
289 467 431 531 animam
457 466 608 550 liquisse3
642 465 701 529 ubi
724 465 790 529 iam
814 466 998 550 trepidatur
1020 477 1054 530 et
1076 490 1186 532 omnes

210 578 393 634 extremum
416 568 555 652 cupiunt
579 568 667 631 vitae
690 568 947 652 repraehendere
971 536 1131 650 vincluml

122 673 189 738 600
211 678 443 756 conquassatur
464 669 552 733 enim
576 677 649 732 tum
673 691 765 732 mens
787 670 979 753 animaeque
1004 679 1147 755 potestas
1182 697 1184 702 ·

211 772 316 836 omnis
339 780 373 835 et
397 772 476 835 haec
498 771 567 856 ipso
590 793 665 835 cum
688 792 819 856 corpore
842 771 1079 851 conlabefiunt3

211 885 250 940 ut
272 875 400 962 gravior
422 875 520 961 paulo
543 875 646 960 possit
668 873 843 938 dissolvere
867 844 987 964 causa(

146 1027 148 1031 ψ
214 979 294 1064 quid
316 978 449 1044 dubitas
472 978 606 1044 tandem
630 976 710 1063 quin
733 986 826 1042 extra
848 977 978 1063 prodita
999 1000 1113 1063 corpus

212 1082 365 1147 inbecilla
388 1083 470 1147 foras
493 1083 528 1146 in
550 1089 673 1167 aperto,
697 1080 843 1168 tegmine
865 1081 1006 1166 dempto,

124 1188 186 1266 605
210 1207 276 1248 non
298 1185 393 1249 modo
415 1206 480 1249 non
503 1205 632 1248 omnem
656 1183 759 1269 possit
781 1183 899 1248 durare
922 1206 980 1268 per
1001 1207 1121 1261 aevom,

211 1288 268 1357 sed
292 1288 464 1352 minimum
486 1287 624 1373 quodvis
647 1295 790 1373 nequeat
812 1288 987 1352 consistere
1010 1253 1183 1403 tempusll

35 1377 40 1386 ’
127 1393 190 1476 576
212 1414 312 1478 quare
335 1392 435 1456 etiam
458 1399 559 1476 atque
582 1389 683 1455 etiam
706 1390 847 1454 resoluto
869 1391 1009 1476 corporis
1030 1392 1117 1456 omni

214 1495 361 1582 tegmine
383 1503 418 1559 et
440 1493 553 1559 eiectis
576 1502 669 1558 extra
692 1494 848 1558 vitalibus
871 1495 958 1559 auris

213 1598 349 1663 dissolui
372 1620 484 1663 sensus
506 1598 609 1661 animi
632 1598 755 1663 fateare
778 1606 940 1663 necessest

213 1709 312 1787 atque
335 1701 488 1777 animam,
510 1700 664 1786 quoniam
687 1700 893 1765 coniunctast
915 1723 1011 1765 causa
1032 1685 1178 1822 duobusl

129 1807 192 1888 580
257 1804 409 1889 Denique
430 1826 505 1868 cum
529 1803 645 1889 corpus
667 1812 810 1889 nequeat
833 1805 973 1889 perferre
995 1805 1114 1869 animai

214 1907 387 1972 discidium
409 1909 488 1993 quin
511 1907 547 1972 in
569 1915 676 1974 taetro
699 1908 845 1972 tabescat
868 1909 971 1985 odore,

215 2011 294 2096 quid
316 2011 449 2076 dubitas
471 2012 552 2097 quin
575 2035 614 2077 ex
637 2013 703 2078 imo
726 2013 923 2099 penitusque
945 2021 1052 2078 coorta

214 2116 374 2179 emanarit
395 2115 446 2180 uti
469 2117 579 2180 fumus
601 2116 721 2181 diffusa
743 2117 871 2182 animae
896 2117 953 2194 vis,

217 2225 318 2304 atque
340 2219 413 2283 ideo
436 2227 531 2284 tanta
553 2228 720 2284 mutatum
743 2228 839 2304 putre
862 2219 956 2284 ruina

131 2323 190 2404 585
215 2321 391 2386 conciderit
414 2345 538 2408 corpus,
561 2323 695 2409 penitus
718 2323 796 2408 quia
818 2330 907 2387 mota
930 2323 997 2387 loco
1019 2333 1095 2389 sunt

215 2425 437 2504 fundamenta,
459 2427 543 2491 foras
565 2427 676 2491 anima
699 2437 875 2492 emanante
897 2450 955 2512 per
976 2436 1065 2492 artus

214 2549 336 2613 perque
359 2530 485 2593 viarum
509 2530 615 2594 omnis
637 2530 749 2606 flexus,
772 2529 807 2593 in
829 2552 959 2616 corpore
981 2531 1038 2616 qui
1060 2540 1144 2607 sunt,

215 2638 314 2714 atque
337 2632 516 2696 foramina?
530 2613 751 2736 [multimodis
774 2641 812 2697 ut
835 2655 964 2698 noscere
985 2635 1087 2720 possis

216 2733 423 2818 dispertitam
445 2735 574 2800 animae
597 2744 750 2800 naturam
774 2737 879 2801 exisse
901 2760 959 2822 per
980 2751 1069 2802 artus

132 2851 194 2920 590
216 2846 251 2900 et
272 2838 363 2923 prius
385 2862 455 2905 esse
478 2841 541 2906 sibi
563 2840 753 2906 distractam
777 2862 907 2926 corpore
929 2841 964 2905 in
986 2841 1064 2926 ips0,

216 2963 314 3026 quam
337 2944 485 3029 prolapsa
508 2945 592 3009 foras
614 2954 727 3009 enaret
749 2945 783 3008 in
805 2945 889 3009 aeris
910 2967 1012 3010 auras.

215 3065 276 3107 nec
298 3044 361 3108 sibi
383 3046 470 3110 enim
493 3046 667 3132 quisquam
689 3047 830 3111 moriens
852 3047 971 3112 sentire
995 3047 1122 3112 videtur

217 3149 264 3212 ire
287 3150 371 3214 foras
392 3150 537 3214 animam
559 3151 756 3216 incolumem
779 3151 820 3216 de
843 3174 973 3238 corpore
997 3160 1065 3217 toto

218 3273 277 3316 nec
299 3253 390 3338 prius
411 3253 453 3317 ed
474 3254 625 3338 iugulum
648 3263 683 3319 et
706 3276 823 3339 supera
845 3255 1013 3318 succedere
1036 3255 1150 3330 fauces,

220 3377 333 3420 verum
356 3356 492 3421 deficere
516 3356 551 3420 in
573 3365 663 3421 certa
685 3357 816 3443 regione
839 3359 994 3435 locatam,

218 3466 257 3522 ut
278 3481 391 3524 sensus
413 3459 492 3524 alios
515 3460 549 3523 in
572 3460 659 3546 parti
681 3483 843 3546 quemque
867 3483 925 3524 sua
946 3460 1007 3524 scit

218 3561 360 3628 dissolui.
406 3564 491 3648 quod
514 3565 542 3628 si
565 3564 748 3630 inmortalis
770 3576 880 3630 nostra
902 3567 984 3630 foret
1006 3588 1104 3644 mens

219 3686 284 3729 non
307 3676 375 3730 tam
398 3690 432 3732 se
456 3669 597 3733 moriens
619 3669 751 3734 dissolvi
774 3678 1029 3756 conquereretur,

219 3769 275 3834 sed
298 3771 402 3857 magis
425 3771 471 3834 ire
495 3773 578 3835 foras
601 3781 792 3858 vestemque
815 3774 1002 3858 relinquere,
1026 3782 1063 3837 ut
1086 3775 1209 3860 anguis

134 3920 198 3970 580:
216 3919 288 3970 Nico.
301 3921 372 3970 Mon.
384 3922 455 3971 Brix.
466 3922 526 3974 Ver.
542 3924 605 3974 Van.
620 3923 685 3973 omit
696 3925 744 3976 579
756 3925 809 3974 and
821 3927 877 3975 580.
965 3926 1013 3975 580
1025 3933 1111 3975 trunco
1122 3924 1203 3975 added
1214 3925 1247 3988 by
1258 3925 1336 3976 Lech,

134 4005 223 4053 cudere
234 4007 319 4053 urania
330 4020 429 4068 corpore
440 4009 547 4056 murdro
558 4006 627 4056 Flor.
640 4008 671 4055 31
683 4007 772 4057 (tamb.
788 4008 855 4057 Mar.
868 4009 934 4069 vulg.
1029 4008 1075 4057 581
1084 4008 1230 4070 perhibetur
1240 4008 1262 4057 B
1274 4022 1339 4058 corr.

134 4087 175 4137 for
182 4090 280 4150 peribat
291 4088 322 4147 B,
335 4089 576 4151 periberetANicc.
649 4090 724 4143 ,591
737 4092 820 4152 Quare
832 4092 1010 4140 Nicc.Bcorr.
1024 4092 1062 4139 lor
1075 4093 1150 4151 Quae.
1249 4091 1339 4143 tuter

133 4168 201 4218 Flor.
214 4170 245 4220 31
257 4168 347 4220 (lamb.
360 4171 399 4219 for
410 4185 448 4220 ea.
568 4173 616 4221 598
627 4174 728 4221 ammae
740 4174 779 4221 uir
791 4171 860 4221 Flor.
874 4173 904 4220 31
918 4172 1005 4222 Oemb.
1018 4172 1074 4221 Ver.
1087 4171 1148 4220 Ven.
1162 4171 1227 4220 Mar.
1240 4176 1288 4222 etc.
1300 4174 1340 4222 for

132 4253 220 4301 uuimu
235 4255 297 4301 circ.
423 4252 470 4303 601
484 4237 559 4316 foras
576 4256 665 4304 auimo
681 4263 814 4304 emanante
830 4256 904 4306 Wak.
923 4256 961 4305 for
973 4259 1046 4319 sorar
1062 4265 1166 4306 umuaut
1182 4258 1339 4320 animaeque.

129 4335 202 4396 sorae
219 4343 336 4385 uiuuoute
353 4338 440 4385 anima
455 4351 532 4399 usque
550 4335 630 4387 Lach.
765 4338 838 4386 After
855 4338 903 4387 614
920 4338 984 4387 Mar.
1002 4337 1059 4386 Alc.
1078 4338 1091 4385 1
1109 4337 1182 4386 Junt.
1200 4337 1267 4400 vulg.
1287 4338 1338 4388 add
