3008 4800
177 220 238 283 124
624 275 638 291 l

538 317 594 367 f„
619 294 622 298 ’

261 372 298 427 ut
320 364 383 428 sibi
404 365 601 430 consciscant
623 366 781 430 maerenti
803 375 931 451 pectore
955 367 1058 431 letum

262 467 354 531 obliti
377 469 499 534 fontem
521 492 669 534 curarum
693 470 778 534 hunc
801 493 869 535 esse
894 471 1051 548 timorem,

262 673 348 738 hunc
370 696 485 738 vexare
507 675 671 759 pudorem,
693 675 779 738 hunc
801 675 930 739 vincula
951 676 1107 740 amicitiai

263 799 412 861 rumpere
435 785 469 841 et
491 778 525 840 in
546 799 673 841 summa
695 778 852 861 pietatem
875 782 1019 844 evertere
1042 780 1177 859 suadet3

264 879 427 944 narniam
449 902 545 965 saepe
568 879 713 944 homines
735 879 874 964 patriam
897 902 1049 966 carosque
1071 883 1216 966 parentis
1337 886 1375 965 85

264 983 484 1068 prodiderunt,
505 983 608 1047 vitare
630 983 809 1046 Acherusia
831 982 954 1067 templa
974 957 1149 1120 petentes!

265 1109 341 1151 nam
363 1087 467 1152 veluti
488 1087 581 1172 pueri
603 1085 768 1170 trepidant
790 1092 888 1170 atque
911 1085 1019 1149 omnia
1041 1087 1144 1151 caecis

264 1189 299 1253 in
321 1190 464 1255 tenebris
487 1195 647 1264 metuunt,
669 1188 714 1251 sic
736 1209 794 1252 nos
816 1188 851 1251 in
873 1188 943 1252 luce
967 1189 1121 1252 timemus

265 1293 438 1369 interdum,
461 1292 526 1356 nilo
549 1312 631 1377 quae
653 1299 731 1354 sunt
753 1291 929 1354 metuenda
952 1292 1054 1378 magis
1076 1314 1174 1377 quam

266 1418 349 1482 quae
370 1396 464 1481 pueri
485 1395 519 1459 in
542 1395 684 1459 tenebris
705 1392 855 1510 pavitant
877 1394 1071 1482 finguntque
1094 1398 1211 1462 futura.
1336 1417 1381 1482 90

264 1500 350 1564 hunc
371 1499 474 1586 igitur
495 1491 649 1563 terrorem
671 1498 771 1562 animi
793 1498 1007 1584 tenebrasque
1030 1509 1192 1565 necessest

266 1625 329 1667 non
352 1602 435 1666 radii
456 1601 531 1665 solis
552 1622 657 1685 neque
679 1601 786 1665 lucida
808 1601 874 1679 tela
895 1601 963 1666 diei

265 1706 450 1783 discutiant,
472 1704 529 1770 sed
550 1714 685 1769 naturae
707 1685 845 1791 siiecieh
852 1703 1007 1790 ratioque.

310 1810 455 1873 Primum
478 1809 620 1872 animum
644 1808 724 1884 dico,
747 1817 891 1873 mentem
913 1831 1012 1894 quam
1034 1831 1130 1896 saepe
1153 1834 1314 1890 vocamus

267 1915 301 1978 in
323 1936 386 1999 quo
409 1913 577 1978 consilium
599 1912 686 1977 vitae
708 1912 929 2029 regimenque
939 1915 1080 1978 locatum
1102 1923 1161 1992 est,
1343 1934 1383 2001 95

267 2041 336 2084 esse
358 2017 497 2082 hominis
519 2027 644 2102 partem
667 2017 733 2082 nilo
755 2017 863 2081 minus
885 2040 922 2082 ac
945 2040 1061 2083 manus
1082 2028 1117 2084 et
1140 2042 1197 2105 pes

268 2131 367 2208 atque
393 2121 497 2186 oculei
518 2128 627 2206 partes
649 2120 825 2185 animantis
849 2121 952 2186 totius
974 2130 1096 2187 extant
1106 2101 1113 2239 Ι

268 2352 397 2395 sensum
418 2328 520 2392 animi
542 2336 630 2392 certa
651 2349 716 2392 non
738 2349 807 2392 esse
830 2327 864 2391 in
887 2336 979 2414 parte
1002 2329 1152 2407 locatum,

268 2456 380 2498 verum
403 2433 495 2497 habit
481 2440 551 2497 tum
575 2432 737 2518 quendam
759 2433 893 2498 vitalem
914 2434 1055 2518 corporis
1077 2456 1156 2512 esse,

270 2537 471 2602 harmoniam
494 2535 571 2601 Grai
593 2558 691 2621 quam
712 2536 835 2613 dicunt,
861 2536 946 2621 quod
969 2538 1066 2602 faciat
1089 2561 1146 2604 nos
1325 2559 1387 2608 100

268 2643 376 2707 vivere
398 2663 472 2706 cum
495 2662 598 2718 sensu,
621 2627 737 2705 nulla
732 2616 805 2706 curii
828 2641 862 2705 in
884 2650 977 2727 parte
1000 2643 1062 2707 siet
1086 2666 1196 2723 mens;

268 2728 306 2811 rit
327 2747 412 2810 bona
433 2766 527 2829 saepe
549 2715 701 2808 valetudo
723 2766 797 2808 cum
819 2745 939 2810 dicitur
962 2768 1034 2811 esse

263 2843 415 2936 corporis,
438 2858 472 2913 et
493 2871 558 2912 non
579 2854 762 2912 esttamen
785 2849 864 2912 haec
885 2872 959 2934 pars
981 2851 1050 2914 ulla
1072 2852 1218 2917 valentis.

269 2955 315 3020 sic
336 2953 437 3019 animi
459 2975 586 3018 sensum
610 2974 674 3016 non
696 2961 784 3017 certa
804 2961 905 3038 parte·
919 2965 1100 3040 reponunt;

182 3119 283 3162 statum.
402 3110 433 3158 81
450 3110 602 3158 consciscant
618 3107 689 3158 Nicc.
707 3108 746 3157 ior
762 3109 925 3158 consciscant.
1040 3111 1072 3159 82
1089 3109 1102 3157 Ι
1119 3124 1222 3159 assume
1239 3124 1291 3161 av.
1311 3114 1339 3161 to
1355 3111 1388 3160 be

182 3193 234 3241 lost
245 3191 314 3251 here,
326 3191 391 3240 such
401 3205 431 3240 ss
444 3193 495 3253 Qui
505 3194 605 3241 miseros
616 3191 725 3240 immines
737 3203 824 3250 cogens
834 3192 913 3239 scelus
925 3205 995 3240 omne
1005 3199 1109 3253 patrare
1120 3210 1126 3240 ε
1143 3205 1186 3241 see
1197 3195 1273 3241 notes
1285 3193 1309 3241 2.

216 3276 248 3324 84
264 3276 361 3324 suadet.
390 3275 473 3336 frendo
489 3273 580 3322 bamb.
609 3273 705 3335 froude
721 3271 801 3321 Lech.
834 3273 906 3321 clodo
923 3272 999 3324 Bern.
1112 3274 1145 3324 94
1161 3289 1237 3336 guam
1253 3273 1388 3324 Charisius

184 3371 209 3418 p.
234 3357 281 3407 187
305 3355 371 3420 (210)
396 3355 436 3404 ior
457 3369 538 3418 grum:
562 3368 590 3402 so
613 3353 683 3404 Mon.
708 3353 780 3402 Junt
806 3352 897 3404 bamb.
922 3353 1004 3404 Lech.
1040 3354 1100 3404 ‘hoc
1120 3354 1207 3417 ipsum
1230 3355 1310 3414 dedit,
1328 3359 1389 3407 ente

175 3452 262 3498 -qnsm
285 3435 396 3486 Charisii
418 3434 482 3485 liber
504 3434 667 3492 innotuisset,
686 3434 827 3494 Marullus3
850 3434 919 3496 quod
939 3435 1028 3496 miror,
1048 3451 1108 3485 cum
1125 3435 1168 3485 ille
1186 3440 1241 3486 tem
1258 3436 1389 3486 subtiliter
1475 3464 1477 3467 v

183 3518 296 3568 iudicare
312 3533 365 3568 non
382 3517 478 3567 soleat’
495 3531 553 3578 says
568 3515 663 3567 Lech:
680 3516 726 3565 bnt
744 3516 871 3565 Marullus
888 3516 970 3566 iound
987 3517 1008 3565 it
1026 3517 1053 3565 in
1070 3517 1112 3566 his
1130 3533 1179 3566 ms.
1196 3521 1242 3567 out
1260 3519 1289 3568 oi
1304 3517 1389 3568 which

104 3616 105 3620 ¹
184 3600 316 3651 Candidus
327 3600 382 3650 also
393 3599 478 3662 gotit.
605 3599 636 3648 95
650 3601 757 3647 locatum
768 3597 833 3647 Mar.
846 3598 903 3648 Ald.
918 3598 1019 3669 1Junt.
1032 3599 1072 3648 for
1083 3608 1205 3650 vocatum.
1341 3602 1390 3652 988

184 3683 269 3734 before
287 3683 341 3733 this
360 3697 431 3732 verse
450 3695 500 3732 one
516 3696 545 3730 or
561 3695 631 3730 more
648 3680 712 3729 have
729 3680 792 3730 been
809 3681 872 3730 lost:
894 3680 952 3731 Ald.
971 3683 984 3728 l
1002 3682 1064 3730 thus
1082 3682 1197 3745 supplies
1214 3682 1244 3741 it,
1265 3685 1390 3745 Quamvis

142 3779 147 3786 ·
184 3767 264 3815 malta
286 3767 387 3828 guidem
408 3765 549 3826 sapientum
571 3763 644 3811 turba
662 3770 779 3824 putaret:
802 3762 867 3811 Mer.
891 3762 962 3812 lunt.
990 3761 1041 3811 and
1064 3762 1118 3812 eds.
1135 3764 1164 3812 in
1180 3764 1285 3825 general
1302 3763 1389 3814 before

184 3846 263 3898 Lach.
283 3845 339 3909 give
355 3845 399 3894 the
416 3859 495 3905 same,
515 3844 560 3892 but
578 3845 617 3891 ior
629 3852 733 3905 potaret
749 3858 819 3892 more
838 3843 960 3905 correctly
974 3852 1112 3906 putarant:
1138 3845 1189 3894 Gis.
1208 3844 1256 3895 has
1275 3848 1388 3908 putarit,

184 3928 237 3979 end
252 3928 305 3978 this
320 3931 389 3988 note,
404 3927 457 3975 ‘Ita
471 3941 494 3974 r.
510 3940 534 3987 q.
552 3926 567 3975 1.
582 3928 667 3987 [vetus
684 3924 789 3987 quidam
806 3924 890 3987 liber].
924 3924 952 3973 in
969 3926 1002 3974 sl.
1018 3934 1130 3989 putaret.
1149 3927 1183 3975 al.
1198 3925 1328 3988 putarat!
1363 3926 1388 3976 It

185 4010 208 4060 is
228 4014 275 4059 not
294 4008 452 4071 improbable
469 4008 513 4057 the
529 4023 552 4058 v.
573 4024 598 4068 q.
618 4007 634 4056 1.
653 4008 675 4056 is
693 4007 737 4056 the
754 4007 818 4056 Ven.
839 4007 901 4056 with
918 4007 1053 4058 Marullus’
1071 4023 1119 4057 ms.
1138 4012 1227 4058 notes:
1251 4007 1272 4056 it
1289 4008 1312 4056 is
1330 4022 1392 4070 very

185 4091 297 4154 possible
318 4095 361 4141 too
383 4090 442 4140 that
462 4097 564 4152 perteret
586 4089 614 4138 in
637 4088 695 4137 Alo.
720 4089 733 4136 1
754 4089 777 4137 is
794 4104 810 4138 e
827 4088 949 4152 misprint
966 4090 1005 4137 ior
1019 4093 1132 4153 putarit:
1156 4103 1198 4138 see
1215 4088 1285 4138 what
1309 4089 1321 4138 1
1345 4104 1392 4152 say

185 4172 265 4222 above
282 4187 306 4234 p.
328 4172 359 4220 10
375 4185 410 4220 on
426 4170 471 4220 the
487 4169 568 4233 heavy
584 4170 677 4231 charge
694 4169 805 4230 brought
821 4170 924 4231 sgsinst
941 4170 1071 4220 nvancius
1091 4171 1125 4233 by
1140 4169 1221 4220 Lech.
1240 4169 1310 4219 here.
1344 4170 1391 4233 [As

187 4253 312 4302 Marullus
327 4253 454 4302 therefore
468 4252 496 4301 in
510 4252 565 4301 cod.
584 4252 678 4302 Victor.
693 4251 777 4300 writes
790 4259 925 4314 putarunt,
936 4254 1036 4314 putarit
1047 4268 1098 4302 wss
1114 4250 1237 4316 probably
1249 4266 1285 4301 sn
1301 4251 1393 4302 earlier

185 4334 348 4398 suggestion:
366 4349 408 4384 see
419 4350 446 4383 n.
459 4339 486 4384 to
498 4349 518 4382 11
531 4335 577 4384 529
589 4353 595 4382 :
612 4333 687 4382 other
697 4332 829 4382 instantes
839 4330 892 4382 will
905 4333 935 4383 be
946 4332 1050 4383 noticed
1060 4333 1160 4399 belom]
1247 4334 1296 4384 loo
1302 4335 1390 4397 sociat
