3008 4800
715 227 747 291 V

206 416 290 479 quae
313 393 376 458 tibi
399 393 561 477 posterius
585 392 674 477 largo
697 388 845 455 sermone
868 391 1017 476 probabo.

207 495 314 560 dicere
337 518 430 581 porro
454 495 624 558 hominum
648 517 745 559 causa
768 496 907 559 voluisse
929 517 1040 580 parare

208 600 405 684 praeclaram
428 598 544 661 mundi
566 607 719 661 naturam
742 609 974 682 proptereaque

207 694 413 766 adlaudabile
436 722 516 784 opus
539 701 648 765 divom
673 701 805 764 laudare
829 701 940 766 decere

199 816 443 891 ,aeternumque
465 814 583 889 putare
606 815 706 889 atque
729 805 900 868 inmortale
924 806 1069 868 futurum
1107 875 1115 886 ⁸

209 931 268 974 nec
290 909 338 972 fas
361 931 439 984 esse,
462 908 562 972 deum
585 907 671 993 quod
694 908 738 971 sit
760 908 886 972 ratione
909 916 1038 972 vetusta

207 1012 362 1099 gentibus
385 1011 538 1075 humanis
560 1011 735 1075 fundatum
758 1020 918 1097 perpetuo
939 1033 1027 1086 aevo,

208 1116 368 1181 solicitare
391 1116 458 1180 suis
480 1116 549 1179 ulla
571 1115 604 1179 vi
627 1138 667 1180 ex
690 1114 822 1179 sedibus
846 1137 1000 1200 umquam

207 1240 266 1283 nec
288 1219 395 1282 verbis
417 1240 535 1282 vexare
559 1226 593 1282 et
615 1217 657 1281 ab
679 1217 746 1281 imo
768 1225 914 1282 evertere
936 1239 1069 1293 summa,

207 1331 316 1386 cetera
337 1322 378 1386 de
399 1344 519 1408 genere
542 1323 602 1387 hoc
624 1322 791 1408 adfingere
814 1329 848 1385 et
870 1322 995 1396 addere,
1019 1321 1163 1397 Memmi,

207 1427 392 1513 desiperest.
403 1423 503 1530 'quid
527 1428 615 1490 enim
638 1426 866 1491 inmortalibus
888 1436 988 1511 atque
1009 1426 1114 1491 beatis
1266 1430 1320 1507 165

207 1529 314 1616 gratia
336 1538 447 1594 nostra
468 1537 569 1614 queat
591 1529 739 1616 largirier
761 1529 982 1605 emolumenti,

208 1641 246 1697 ut
268 1640 379 1697 nostra
400 1632 575 1718 quicquam
598 1655 695 1697 causa
717 1654 830 1718 gerere
852 1603 1124 1733 adgredienturll

208 1737 327 1822 quidve
349 1737 424 1800 novi
446 1738 557 1822 potuit
580 1745 675 1802 tanto
698 1745 773 1822 post
795 1745 873 1802 ante
896 1738 1021 1822 quietos

210 1839 340 1904 inlicere
363 1848 402 1904 ut
424 1848 582 1926 cuperent
604 1840 708 1904 vitem
732 1851 861 1904 mutare
883 1815 1066 1959 0110101117,

208 1962 284 2005 nam
305 1941 448 2027 gaudere
470 1942 563 2005 novis
585 1941 683 2005 rebus
705 1941 824 2005 debere
847 1942 976 2005 videtur

208 2045 262 2109 cui
283 2053 409 2110 veteres
431 2045 569 2124 obsunt,
600 2045 656 2109 sed
679 2044 732 2109 cui
754 2045 802 2108 nil
823 2045 942 2110 accidit
963 2045 1051 2132 aegri

208 2159 354 2236 tempore
376 2150 411 2213 in
434 2157 594 2227 anteacto,
618 2171 692 2213 cum
716 2149 849 2234 pulchre
872 2149 1004 2235 degeret
1026 2171 1145 2226 aevom,

207 2253 286 2338 quid
309 2253 418 2338 potuit
431 2252 597 2319 novitatis
619 2274 762 2316 amorem
785 2252 958 2317 accendere
980 2230 1082 2348 talill

127 2372 183 2439 175
208 2377 259 2432 nn,
280 2357 383 2431 credo,
407 2356 608 2421 intenebris
632 2356 701 2419 vita
723 2378 761 2419 ac
785 2378 927 2419 maerore
949 2355 1085 2432 iacebat,

207 2461 309 2524 donec
331 2460 451 2524 diluxit
473 2483 582 2524 rerum
604 2459 760 2547 genitalis
783 2445 898 2554 origo}

127 2582 188 2647 174
210 2563 329 2650 quidve
352 2564 431 2627 mali
453 2563 560 2627 fuerat
583 2562 676 2627 nobis
699 2585 764 2626 non
787 2585 857 2627 esse
880 2528 1039 2647 creatisll

93 2683 185 2753 177
209 2675 306 2731 natus
329 2667 415 2731 enirn
438 2666 538 2730 debet
561 2648 759 2751 quicumque
782 2674 832 2730 est
854 2666 936 2729 velle
959 2687 1088 2730 manere

23 2768 65 2839 ,θ
103 2766 118 2852 ’ξ
208 2770 244 2834 in
266 2772 343 2847 vita,
366 2771 469 2834 donec
493 2769 651 2834 retinebit
672 2769 794 2834 blanda
815 2750 992 2854 voluptas}

51 2894 76 2947 T'
99 2860 129 2955 ἐξ,
210 2874 266 2959 qui
288 2896 483 2972 numquam
484 2873 848 2970 vero'gustavit
871 2895 1011 2936 amorem

34 3031 69 3045 ,,
112 2947 580 3078 Ξῖᾗὲἴῆἷῖῦῇῶ
603 2976 683 3063 quid
706 2978 800 3041 obest
817 2999 886 3044 non
909 2999 977 3041 esse
1000 2937 1180 3066 creatumll
1267 2982 1327 3043 180

47 3119 81 3166 5
113 3045 131 3150 1
210 3081 395 3166 exemplum
417 3103 512 3166 porro
534 3081 716 3168 gignundis
739 3082 837 3162 rebus
860 3090 895 3145 et
917 3081 987 3166 ipsa

95 3179 129 3248 .“’
208 3182 342 3247 notities
364 3182 448 3246 divis
470 3183 641 3247 hominum
665 3184 752 3248 unde
775 3191 825 3247 est
847 3183 946 3247 insita
967 3185 1108 3270 primum

209 3285 287 3370 quid
309 3287 432 3351 vehent
455 3271 559 3352 facere
582 3296 622 3351 ut
643 3287 764 3352 scirent
787 3288 960 3372 animoque
981 3290 1135 3365 viderent,

210 3411 313 3473 quove
336 3389 463 3454 modost
484 3413 643 3475 umquam
666 3391 867 3476 vislcognita
890 3392 1118 3477 principiorum

210 3493 353 3579 quidque
375 3493 463 3558 inter
484 3516 551 3559 sese
574 3503 761 3581 permutato
784 3495 896 3559 ordine
918 3505 1057 3581 possent,
1268 3500 1324 3577 185

210 3596 238 3660 si
260 3620 324 3661 non
347 3598 418 3683 ipsa
440 3598 532 3663 dedit
555 3600 720 3684 specimen
742 3608 861 3663 natura
883 3600 1037 3664 creandi?

209 3721 350 3785 namque
373 3701 421 3765 ita
443 3702 550 3765 multa
572 3702 677 3766 modis
700 3704 813 3766 multis
836 3703 1010 3786 primordia
1032 3726 1140 3768 rerum

83 3923 86 3931 -
124 3890 224 3938 60011101
234 3887 315 3936 Lach.
351 3895 436 3936 tenues
448 3902 493 3935 ceo
504 3902 609 3950 corporo
621 3903 705 3936 eorum
716 3887 766 3936 Ed.
779 3888 807 3935 in
820 3888 896 3936 small
907 3889 946 3937 ed.
1018 3889 1216 3938 162ullcvicx.
1249 3890 1328 3936 ullum

124 3969 699 4032 01111115.010001101011011811111101111.
803 3970 968 4019 1631011110.
1001 3970 1217 4020 summomLamb.
1232 3973 1279 4019 etc.

173 4053 221 4104 174
233 4053 280 4102 175
294 4051 350 4116 (175
364 4050 420 4115 176)
433 4050 531 4113 rightly
542 4051 633 4114 placed
644 4052 678 4115 by
689 4052 780 4102 Lamb.
796 4053 881 4102 before
895 4053 940 4104 176
952 4055 1033 4114 (174);
1051 4053 1097 4102 but
1108 4053 1147 4103 101
1155 4055 1234 4110 credo,
1244 4051 1328 4101 which

123 4148 172 4182 can
190 4133 302 4194 scarcely
319 4132 349 4181 be
366 4131 444 4194 right,
459 4132 472 4180 I
490 4146 599 4194 propone
616 4148 726 4196 crepero.
763 4132 842 4182 Lech,
858 4133 944 4182 whom
961 4133 973 4181 Ι
991 4132 1106 4182 followed
1122 4133 1249 4195 formerly,
1266 4137 1327 4195 puts

125 4215 196 4265 them
214 4215 299 4265 before
315 4216 372 4276 170,
391 4214 444 4263 and
462 4214 537 4264 reads
557 4219 593 4264 At
610 4215 650 4265 101
666 4218 707 4264 Aa
724 4216 752 4264 in
770 4217 826 4265 174.
926 4217 972 4264 182
989 4218 1056 4265 divis
1073 4217 1196 4265 bornicum
1211 4219 1275 4265 unde
1293 4225 1328 4265 eat

124 4297 172 4348 Ed.
188 4297 228 4346 101
243 4299 368 4348 bominum
383 4299 450 4347 dr'vir
465 4300 531 4346 uncle
547 4305 592 4348 ert.
628 4300 754 4348 hominum
770 4301 809 4349 dis
825 4303 891 4349 unde
902 4308 938 4348 est
950 4300 1023 4351 Wok.
1038 4299 1117 4349 Lech.
1151 4307 1187 4348 ert
1199 4315 1249 4349 om.
1263 4301 1328 4349 Mar.

128 4379 466 4430 Ald.1Junt.tamb.etc.
501 4381 1010 4432 17101001ιά00111100.Μο11.701.7011.
1126 4382 1173 4431 185
1189 4397 1240 4432 rese
1255 4383 1324 4433 Brix.
