3008 4800
744 189 776 253 V

239 352 372 418 forsitan
395 360 429 417 et
451 374 542 417 rosea
563 352 609 416 sol
632 352 698 417 alte
720 351 868 438 lampada
890 352 1001 417 lucens

237 456 401 541 possideat
423 456 565 521 multum
587 455 689 539 caecis
711 454 888 520 fervoribus
910 455 1020 541 ignem

238 557 359 621 circum
381 579 425 634 se,
446 557 536 622 nullo
558 558 615 642 qui
638 558 681 621 sit
703 558 826 644 fulgore
848 566 990 636 notatus,

238 661 369 726 aestifer
391 669 429 725 ut
452 670 583 726 tantum
604 661 766 726 radiorum
789 671 949 748 exaugeat
972 662 1081 727 ictum.

282 762 316 825 N
318 785 354 828 ec
376 763 459 828 ratio
482 764 558 828 solis
579 764 714 849 simplex
737 773 767 828 et
788 774 876 829 certa
897 766 1046 851 patescit,

238 888 302 952 quo
324 876 419 952 pacto
441 868 572 932 aestivis
594 889 613 932 e
635 866 782 953 partibus
804 868 1001 953 aegocerotis

238 969 393 1035 brumalis
416 970 513 1035 adeat
534 970 637 1036 flexus
659 980 758 1056 atque
780 970 1043 1036 inderevertens

238 1073 344 1137 cancri
366 1095 400 1138 se
423 1081 462 1137 ut
484 1080 591 1137 vertat
612 1081 716 1136 metas
738 1071 779 1136 ad
801 1072 989 1148 solstitialis,

238 1176 380 1261 lunaque
402 1176 568 1241 mensibus
589 1173 623 1239 id
645 1175 788 1260 spatium
811 1173 961 1240 videatur
981 1174 1079 1253 obire,

238 1300 347 1343 annua
368 1279 415 1344 sol
437 1280 473 1343 in
495 1300 558 1365 quo
581 1279 741 1343 consumit
763 1286 911 1363 tempora
932 1248 1057 1448 cursuL

239 1406 312 1461 non,
334 1384 477 1469 inquam,
499 1383 636 1469 simplex
658 1384 710 1448 his
732 1383 829 1448 rebus
849 1382 976 1448 reddita
997 1405 1035 1448 ca
1059 1356 1149 1480 sastl

238 1510 314 1551 nam
336 1487 407 1552 fieri
429 1488 481 1553 vel
504 1510 578 1552 cum
600 1487 713 1574 primis
734 1486 769 1552 id
791 1510 883 1574 posse
905 1488 1042 1568 ridetur,

238 1591 418 1656 Democriti
440 1591 526 1677 quod
548 1599 661 1656 sancta
681 1590 743 1655 viri
764 1590 928 1656 sententia
950 1592 1051 1677 ponit,

238 1702 360 1780 quanto
383 1715 531 1780 quaeque
552 1693 656 1781 magis
677 1693 744 1758 sint
766 1702 886 1758 terram
908 1693 1014 1759 sidera
1035 1702 1175 1780 propter,

239 1806 331 1864 tanto
353 1819 445 1884 posse
468 1797 576 1862 minus
598 1819 672 1862 cum
694 1797 775 1862 caeli
797 1797 928 1863 turbine
951 1784 1046 1895 ferril

239 1891 428 1969 evanescere
450 1902 537 1967 enim
559 1901 687 1987 rapidas
709 1902 796 1966 illius
819 1911 853 1967 et
874 1903 956 1967 acris

239 2005 391 2071 imminui
412 2013 525 2091 supter
547 2004 632 2082 viris,
655 2003 792 2090 ideoque
813 2005 953 2090 relinqui

238 2110 395 2195 paulatim
418 2109 517 2174 solem
539 2131 614 2173 cum
635 2109 858 2195 posterioribu'
880 2109 992 2197 signis,

238 2213 370 2277 inferior
391 2214 496 2277 multo
518 2212 603 2298 quod
625 2213 669 2278 sit
690 2235 788 2299 quam
811 2213 934 2279 fervida
955 2186 1067 2314 signal

239 2323 274 2380 et
296 2314 400 2402 magis
421 2314 482 2379 hoc
504 2315 632 2380 lunam:
662 2323 784 2400 quanto
806 2316 973 2382 demissior
994 2315 1065 2382 eius

239 2437 350 2479 cursus
372 2413 465 2479 abest
488 2414 598 2500 procul
620 2437 641 2478 a
661 2415 748 2481 caclo
771 2417 931 2514 terrisque¹
950 2417 1154 2502 propinquat,

238 2527 332 2584 tanto
354 2541 447 2604 posse
469 2518 578 2584 minus
599 2541 673 2584 cum
696 2519 796 2604 signis
818 2519 951 2586 tendere
973 2492 1126 2605 cursuml

239 2620 418 2686 flaccidiore
440 2621 562 2686 etenim
585 2629 707 2707 quanto
729 2623 794 2686 iam
817 2622 947 2688 turbine
970 2623 1074 2688 fertur

238 2723 369 2787 inferior
390 2746 489 2809 quam
511 2724 565 2801 sol,
588 2732 681 2789 tanto
703 2725 807 2811 magis
828 2724 937 2790 omnia
958 2725 1052 2812 signa

161 2852 165 2859 ·
239 2826 322 2891 hano
344 2825 567 2912 adipiscuntur
589 2825 709 2890 circum
732 2835 924 2914 praeterque
947 2807 1117 2922 seruaturi

239 2938 410 3016 propterea
431 2930 469 2994 fit
491 2937 530 2993 ut
553 2930 632 2994 haec
653 2929 695 2993 ad
716 2930 846 3016 signum
868 2932 1018 3018 quodque
1040 2934 1159 2998 reverti

240 3032 392 3097 mobilius
415 3032 572 3108 videatur,
595 3033 635 3097 ad
659 3033 741 3097 hanc
763 3034 841 3119 quia
862 3035 957 3122 signa
978 3021 1147 3139 revisunt,

238 3136 278 3200 fit
301 3157 428 3221 quoque
451 3143 530 3200 ute
553 3135 667 3199 mundi
689 3136 881 3202 transversis
902 3139 1051 3224 partibus
1073 3162 1129 3203 aer

237 3238 371 3303 alternis
392 3246 480 3303 certo
502 3238 602 3303 fluere
623 3238 707 3304 alter
728 3247 872 3325 tempore
894 3241 1005 3326 possit,

237 3339 294 3425 qui
316 3350 415 3427 queat
437 3341 569 3406 aestivis
592 3341 691 3405 solem
713 3342 884 3407 detrudere
906 3343 1007 3430 signis

237 3441 393 3507 brumalis
416 3443 581 3529 usquead
603 3442 705 3508 flexus
726 3444 935 3531 gelidumque
958 3446 1106 3533 rigorem,

239 3555 274 3610 et
295 3546 353 3632 qui
374 3546 487 3611 reiciat
508 3546 624 3633 gelidis
645 3570 665 3611 a
688 3547 813 3633 frigoris
835 3548 959 3614 umbris

152 3848 211 3901 Vat.
223 3849 282 3897 Ver.
296 3847 360 3896 Ven.
389 3846 575 3896 AccordiFlor.
585 3847 616 3895 31
629 3845 718 3895 Gamb.
732 3847 817 3896 aVat.
828 3846 900 3898 Brix.
914 3847 991 3897 Pont.
1000 3847 1095 3898 Avanc.
1108 3849 1218 3910 Nauger.
1236 3852 1356 3914 Accipere

154 3928 219 3979 Mar.
231 3928 302 3978 Junt.
317 3927 425 3978 Lamo:
443 3941 518 3976 seen
530 3927 602 3976 1025.
691 3927 739 3976 610
755 3935 788 3978 et.
824 3927 927 3977 abach.
939 3927 1150 3978 whowillnevor
1162 3929 1269 3979 tolerate
1279 3938 1304 3980 et
1315 3931 1357 3980 for

152 4011 236 4059 etiam.
338 4010 385 4059 613
402 4009 514 4070 Aestiser
523 4015 552 4057 ct
565 4015 662 4058 motum
673 4008 740 4057 Flor.
754 4010 785 4057 31
798 4010 813 4057 3
825 4009 884 4058 Vat.
894 4009 958 4058 Mar.
971 4010 1045 4058 Junt.
1057 4009 1098 4058 sor
1109 4012 1229 4074 Auriferi
1240 4019 1357 4061 utentum

153 4091 184 4150 B,
198 4099 304 4142 amatur
318 4092 340 4140 Α
356 4091 426 4140 Nica.
460 4092 612 4153 ‘laetiferam
625 4097 654 4138 ct
671 4098 769 4140 tantam
785 4091 881 4141 Arane.
898 4091 988 4140 bamb.
1006 4096 1054 4142 eto.
1090 4095 1241 4154 Aestiferum
1258 4100 1357 4142 tontum

151 4172 261 4235 Nauger.
371 4173 418 4222 614
435 4173 540 4235 simplex
552 4181 576 4221 et
587 4179 656 4222 certa
667 4170 716 4222 Ed.
732 4171 771 4222 lor
782 4175 887 4237 simplex
898 4183 975 4224 recto.
1008 4177 1170 4237 simplexme
1182 4177 1352 4230 certoLamb.

153 4255 258 4317 simplex
269 4263 314 4303 aut
326 4261 394 4304 recta
404 4253 474 4304 Flor.
486 4255 517 4302 31
531 4252 720 4303 Gamb.3Vat.
747 4255 1120 4306 arrectaoretrectaothers.
1148 4258 1254 4320 simplex
1265 4260 1359 4309 relicta

151 4336 427 4389 Laoh.reclusaBern.
528 4336 576 4388 617
594 4338 687 4386 Cancri
697 4353 722 4387 se
733 4336 813 4386 Lech.
826 4337 866 4386 sor
878 4339 1004 4388 Carceris.
1104 4340 1152 4389 632
1168 4343 1261 4390 etenim
1275 4342 1356 4394 Lech.
