3008 4800
716 230 771 293 III

150 436 152 440 ,
234 403 268 459 55
290 393 500 459 membratim
525 392 657 455 vitalem
680 389 857 475 deperdere
880 411 1030 466 sensum;

233 498 267 561 in
289 496 429 582 pedibus
450 495 593 581 primum
616 494 737 581 digitos
760 495 912 558 livescere
934 501 968 556 et
991 492 1116 576 unguis,

232 598 308 663 inde
331 597 430 684 pedes
454 607 488 662 et
510 620 604 662 crura
626 598 716 674 mori,
740 606 814 682 post
836 597 912 661 inde
935 619 992 681 per
1013 605 1103 659 artus

233 703 279 766 ire
302 702 382 766 alios
404 702 537 767 tractim
561 701 662 788 gelidi
685 701 826 788 vestigia
849 700 916 765 leti.
923 692 935 792 l
1294 712 1308 777 5
1315 714 1357 779 30

233 804 392 870 scinditur
414 805 507 890 itque
530 806 658 869 animae
682 805 742 868 hoc
764 805 918 890 quoniam
941 811 1058 867 natura
1081 824 1139 866 nec
1161 823 1225 866 uno

158 903 162 910 ’
233 917 378 994 tempore
401 909 527 973 sincera
549 909 672 985 existit,
694 908 842 973 mortalis
865 892 1071 1006 habendam!

232 1006 318 1092 quod
341 1007 369 1071 si
392 1008 475 1073 forte
497 1015 596 1092 putas
619 1008 723 1092 ipsam
746 1029 781 1072 se
804 1029 896 1092 posse
919 1029 977 1093 per
997 1015 1088 1071 artus

233 1110 393 1174 introsum
416 1111 546 1175 trahere
569 1119 605 1175 et
626 1111 730 1196 partis
752 1110 931 1175 conducere
953 1111 987 1174 in
1009 1133 1111 1174 uuum

232 1222 331 1299 atque
354 1214 428 1280 ideo
451 1214 578 1279 cunctis
599 1237 732 1280 sensum
755 1215 915 1279 deducere
938 1213 1098 1289 membris,
1293 1224 1351 1290 535

233 1325 269 1381 at
291 1317 380 1382 locus
402 1318 458 1382 ille
481 1325 602 1395 tomen,
625 1339 690 1402 quo
712 1317 805 1402 copia
827 1325 923 1381 tanta
944 1317 1065 1380 animai

233 1419 368 1506 cogitur,
390 1420 426 1484 in
448 1441 545 1484 sensu
568 1419 668 1485 debet
691 1420 812 1485 maiore
834 1420 957 1500 videri3

233 1524 467 1610 quiquoniam
490 1532 692 1609 nusquamst,
714 1525 871 1588 nimirum
894 1532 933 1589 ut
956 1524 1097 1588 diximus
1120 1530 1200 1600 unte,

232 1627 391 1692 dilaniata
412 1628 496 1692 foras
518 1627 726 1713 dispargitur,
749 1626 865 1692 interit
887 1649 971 1714 ergo.

233 1730 437 1816 quinetiam
460 1731 489 1795 si
510 1730 576 1794 iam
600 1730 701 1794 libeat
723 1729 899 1794 concedere
922 1730 1039 1794 falsum
1294 1740 1355 1807 540

232 1842 267 1898 et
288 1833 365 1898 dare
389 1854 482 1918 posse
504 1833 648 1897 animam
671 1833 844 1919 glomerari
867 1833 902 1896 in
925 1855 1053 1918 corpore
1076 1853 1196 1906 eorum,

233 1935 357 2000 lumina
380 1937 437 2022 qui
461 1936 589 2001 lincunt
610 1936 797 2001 moribundi
819 1936 1051 2023 particulatim,

232 2040 402 2115 mortalem
424 2048 537 2104 tamen
560 2061 629 2104 esse
651 2039 795 2104 animam
817 2040 940 2104 fateare
962 2061 1097 2114 necesse,

233 2166 291 2208 nec
313 2144 412 2208 refert
435 2154 547 2208 utrum
571 2152 684 2229 pereat
705 2143 851 2230 dispersa
872 2167 931 2230 per
952 2165 1046 2208 auras

233 2270 275 2311 an
297 2255 466 2312 contracta
487 2248 555 2312 suis
578 2271 596 2313 e
619 2248 769 2333 partibus
792 2249 1008 2325 obbrutesoat,
1293 2256 1352 2324 545

233 2350 361 2435 quando
384 2350 551 2416 hominem
573 2361 682 2416 totum
706 2352 811 2438 magis
833 2375 871 2417 ac
894 2351 998 2438 magis
1020 2349 1164 2434 undique
1186 2366 1296 2412 sensus

231 2451 341 2516 deficit
363 2461 398 2517 et
421 2453 510 2518 vitae
534 2453 643 2518 minus
666 2463 700 2518 et
723 2454 832 2518 minus
855 2454 999 2539 undique
1021 2437 1148 2559 restatl

276 2559 320 2622 Et
342 2559 497 2643 quoniam
520 2581 614 2623 mens
636 2567 686 2624 est
709 2559 850 2623 hominis
873 2579 947 2643 pars
970 2579 1043 2633 una,
1065 2556 1132 2620 loco
1154 2575 1237 2639 quae

232 2662 297 2725 fixa
318 2669 431 2725 manet
454 2669 552 2738 certo,
576 2662 668 2726 velut
691 2684 785 2726 aures
808 2670 908 2746 atque
931 2660 1015 2724 oculi
1037 2667 1113 2724 sunt

230 2774 330 2851 atque
353 2765 410 2829 alii
433 2787 547 2847 sensus
570 2765 628 2850 qui
650 2765 753 2829 vitam
776 2787 918 2850 cumque
940 2764 1133 2851 gubernant,
1292 2774 1354 2839 550

230 2877 265 2933 et
288 2867 391 2932 veluti
415 2889 531 2931 manus
554 2875 655 2953 atque
679 2869 792 2933 oculus
814 2890 948 2933 naresve
971 2889 1112 2932 seorsum

231 2980 355 3037 secreta
376 2971 419 3035 ab
441 2972 535 3036 nobis
557 2982 726 3057 nequeunt
749 2973 871 3038 sentire
893 2994 999 3058 neque
1021 2993 1097 3047 esse,

232 3075 288 3140 sed
312 3084 423 3141 tamen
446 3075 482 3140 in
504 3098 604 3161 parvo
627 3075 771 3140 licuntur
794 3085 940 3161 tempore
962 3075 1046 3150 tabe,

144 3309 217 3358 lunt.
238 3309 277 3357 for
292 3309 428 3370 refirtatur.
524 3311 572 3359 531
591 3312 724 3360 Scinditur
741 3313 811 3373 itque
827 3312 928 3359 aninroe
945 3311 989 3359 555
1006 3309 1054 3358 Ed.
1074 3309 1113 3358 for
1130 3310 1261 3359 Scinditur
1277 3317 1354 3372 atque

144 3392 228 3440 auimo
240 3391 313 3439 haee:
331 3403 416 3452 comp.
429 3390 486 3440 526.
521 3392 563 3440 Sc.
576 3406 651 3454 usque
663 3393 724 3441 adeo
742 3394 802 3440 5555
818 3391 898 3441 Laeli
935 3393 976 3440 Se.
992 3406 1070 3453 neque
1086 3392 1184 3440 animae
1201 3392 1260 3440 5555
1275 3390 1353 3440 Bam.

145 3473 365 3535 Suutquiauimo
378 3473 439 3522 hoec
452 3472 518 3520 Mar.
531 3472 605 3522 Junt.
639 3475 878 3537 Saetquianinrae
888 3474 1058 3536 Isamnvulg.
1176 3474 1222 3522 535
1234 3474 1352 3523 55555555

144 3554 233 3604 (lamb.
251 3553 310 3603 Ver.
328 3553 392 3603 Ven.
411 3555 477 3603 Mar.
496 3554 536 3603 for
552 3557 678 3606 diducere.
789 3558 838 3606 538
849 3565 908 3606 ante
921 3556 1002 3606 added
1013 3557 1047 3620 by
1058 3556 1128 3605 llice.
1243 3556 1290 3604 548
1303 3556 1353 3605 loco

144 3651 208 3700 quae
225 3635 306 3686 Laoh.
325 3636 382 3686 first
400 3637 440 3686 lor
458 3639 567 3700 locoque.
749 3640 796 3688 551
814 3646 899 3700 atqru.
932 3646 978 3687 aut
995 3638 1087 3687 Lach.:
1110 3637 1157 3686 but
1173 3651 1256 3698 comp.
1274 3651 1289 3685 v
1307 3636 1355 3688 965

143 3717 247 3778 qldnder
259 3725 334 3779 atque
345 3717 432 3765 urbita
443 3720 483 3766 vei
491 3720 554 3780 pira
567 3719 638 3768 lecta.
758 3719 806 3768 553
824 3720 874 3768 Sed
885 3727 968 3767 tamen
979 3721 1007 3768 iu
1016 3733 1095 3781 paruo
1107 3721 1238 3779 linquatur
1249 3725 1354 3779 ternpore

144 3801 193 3847 tali
204 3813 265 3847 mss,
283 3797 405 3858 ‘quidam
417 3797 521 3847 doctns'
535 3812 596 3861 says
607 3799 699 3849 Lamb.
713 3799 770 3849 who
786 3800 927 3850 condemns
944 3801 988 3849 the
1004 3815 1075 3850 verse
1092 3800 1254 3862 ‘liquuntur’
1290 3801 1352 3848 ‘lin-

144 3886 245 3939 quntur.
263 3892 325 3926 mss.
343 3884 408 3940 puto
425 3878 540 3939 legend:
563 3889 632 3929 recte
649 3883 740 3929 etenim
757 3897 839 3944 parvo
855 3885 993 3931 vincuntur
1009 3889 1113 3943 ternpore
1132 3883 1193 3939 tabi,
1210 3879 1261 3928 nisi
1277 3878 1354 3928 malis

145 3961 365 4022 liquuntur...talri
382 3975 429 4022 pro
448 3961 513 4018 tube,
525 3964 555 4008 55
569 3962 642 4023 parti
658 3965 761 4024 contaqi
778 3977 825 4024 pro
838 3972 914 4025 purte
930 3970 1033 4025 coutuqe
1045 3968 1094 4013 vet.
1110 3961 1217 4026 passim'
1230 3961 1262 4012 Is.
1279 3960 1352 4011 Voce.

142 4041 170 4090 in
185 4055 233 4091 me.
252 4046 333 4091 notes.
371 4043 422 4090 Sed
438 4049 522 4090 tunna
538 4041 562 4090 is
579 4043 606 4090 oi
622 4057 713 4091 course
730 4044 803 4105 quite
820 4044 904 4106 right;
922 4043 1014 4092 Iheve
1030 4045 1130 4093 written
1149 4042 1272 4092 therefore
1291 4041 1353 4091 with

146 4123 242 4174 Oreeoh
254 4124 282 4172 in
294 4126 370 4173 notes
379 4125 430 4173 Sed
442 4127 563 4173 tamenin
572 4139 653 4187 paruo
662 4128 775 4175 licuntur
787 4134 892 4190 tempore
906 4130 961 4176 tabe
972 4128 1043 4192 (Aen.
1054 4142 1085 4175 111
1097 4129 1127 4175 28
1137 4127 1156 4175 P
1166 4126 1213 4176 has
1225 4128 1355 4188 linquatur

142 4209 182 4256 for
201 4208 314 4256 licuntur
329 4205 382 4255 and
398 4206 474 4256 Lucr.
492 4221 519 4255 1v
537 4208 601 4255 1243
619 4206 677 4256 Ver.
695 4207 758 4258 Ven.
779 4209 844 4257 have
863 4211 970 4271 liquitur
986 4210 1026 4259 for
1043 4210 1166 4273 liquitur).
1204 4211 1355 4271 linquuntur

143 4290 211 4340 Flor.
229 4290 261 4338 31
273 4289 341 4350 vulg.
374 4292 403 4338 iu
416 4305 498 4352 paruo
511 4292 641 4339 lincuntur
659 4298 765 4352 tempore
783 4293 837 4340 tubi
853 4290 933 4340 Lech.
946 4293 998 4341 ‘ita
1010 4291 1101 4353 Vergil
1112 4293 1224 4340 Alitilrue
1242 4292 1353 4353 linquere

137 4374 213 4435 feris,
227 4375 253 4420 et
265 4371 339 4420 ovid.
352 4374 400 4421 leto
414 4387 561 4435 poenaeque
571 4373 699 4421 relictur’:
718 4372 764 4422 but
776 4373 821 4423 the
833 4379 951 4424 moment
963 4373 1006 4424 555
1022 4374 1089 4437 body
1100 4374 1122 4423 is
1137 4373 1210 4434 dead,
1230 4375 1355 4436 linquitur
