3008 4800
762 196 813 261 lv

272 360 329 444 qui
351 359 414 424 nisi
436 368 514 424 sunt
536 360 613 435 veri,
634 360 717 424 ratio
739 381 868 445 quoque
891 361 970 426 salsa
992 361 1030 425 fit
1051 363 1163 427 omnis.
1325 367 1371 445 48
1377 380 1393 447 5

272 486 313 526 en
336 470 491 547 poterunt
513 462 621 527 oculos
643 484 737 527 eures
759 463 1001 548 reprehendere,
1023 486 1066 528 an
1088 487 1182 530 aures

272 551 474 644 tectustian
497 565 583 629 hunc
605 587 698 651 porro
720 574 846 630 tectum
869 588 963 652 sapor
984 578 1099 654 urguet
1121 568 1192 644 oris,

272 691 314 732 an
336 669 553 733 confutabunt
574 691 668 733 nares
690 669 816 733 oculive
838 671 1027 735 revincent?

180 827 181 831 ,
272 797 344 850 nou,
367 783 406 838 ut
428 773 548 860 opinor,
570 774 619 838 ita
640 754 720 878 est!
742 796 819 837 nem
841 797 984 839 seorsum
1006 778 1122 862 cuique
1146 785 1289 862 potestas

271 879 415 955 divisast,
437 901 497 942 sue
519 878 567 942 vis
590 878 748 962 cuiquest,
770 877 907 963 ideoque
929 901 1057 944 necesse
1080 890 1130 946 est
1324 900 1396 964 490

272 990 306 1046 et
328 981 415 1067 quod
437 981 533 1045 molle
555 980 599 1043 sit
622 988 656 1044 et
677 966 822 1065 gelidum
846 981 1011 1046 fervensve
1032 1006 1173 1049 seorsum

271 1094 306 1148 et
327 1105 471 1148 seorsum
495 1083 600 1146 varios
621 1103 729 1145 rerum
751 1081 873 1147 sentire
895 1083 1013 1149 colores
1072 1084 1073 1087 ’

271 1196 305 1252 et
327 1206 551 1272 quaecumque
574 1185 724 1249 coloribu’
747 1185 815 1249 sint
837 1185 1008 1251 coniuncta
1029 1179 1160 1298 cidere}

271 1313 397 1356 seorsus
420 1290 500 1354 item
523 1310 617 1373 sapor
639 1288 702 1353 oris
725 1289 924 1366 hebetum,
946 1312 1071 1356 seorsus
1093 1294 1205 1360 odores

270 1400 457 1469 nascuntur,
480 1413 602 1456 sorsum
625 1391 758 1456 sonitus.
775 1381 783 1479 i
803 1391 941 1477 ideoque
962 1415 1092 1459 necesse
1115 1404 1165 1461 est

271 1520 335 1562 non
357 1497 483 1583 possint
505 1496 585 1560 elios
606 1495 664 1560 elii
685 1495 875 1560 convincere
897 1480 1032 1590 sensus}

270 1623 330 1666 nec
352 1622 445 1686 porro
467 1607 622 1685 poterunt
644 1598 707 1686 ipsi
728 1599 964 1684 reprehendere
985 1623 1063 1680 sese,

270 1726 374 1790 aequa
395 1703 476 1767 fides
497 1702 649 1788 quoniam
673 1702 807 1767 debebit
828 1723 956 1789 semper
977 1678 1107 1823 heberi,

270 1807 405 1893 proinde
427 1806 515 1892 quod
536 1806 571 1869 in
593 1814 754 1892 quoquest
776 1805 828 1870 his
849 1806 955 1870 visum
979 1815 1134 1893 tempore,
1157 1798 1322 1926 mrumst!

271 1920 305 1976 et
326 1911 355 1976 si
376 1933 442 1974 non
464 1909 585 1995 poterit
606 1909 691 1974 ratio
715 1908 889 1974 dissolvere
911 1931 1048 1987 causam,
1328 1929 1394 1996 500

270 2038 328 2080 cur
350 2036 389 2079 ee
410 2036 494 2098 quae
517 2012 638 2076 fuerint
661 2011 782 2076 iuxtim
804 2012 971 2097 quadrata,
993 2015 1105 2098 procul
1127 2015 1194 2079 sint

270 2119 340 2182 visa
360 2116 513 2192 rutunda,
537 2123 647 2180 tamen
671 2122 818 2201 praestet
839 2115 974 2180 rationis
995 2125 1147 2203 egentem

270 2221 403 2286 reddere
427 2221 579 2285 mendose
602 2241 715 2284 causes
737 2219 909 2304 utriusque
931 2220 1061 2306 figurae,

270 2349 369 2412 quam
391 2323 542 2388 manibus
563 2322 737 2387 manifesta
760 2322 827 2386 suis
850 2322 999 2387 emittere
1022 2346 1186 2410 quoquam

270 2436 304 2493 et
326 2427 446 2492 violare
469 2427 567 2491 fidem
590 2425 729 2510 primam
752 2434 788 2490 et
809 2426 988 2490 convellere
1010 2435 1082 2491 tota
1327 2444 1389 2511 505

271 2533 484 2596 fundamenta
504 2531 623 2616 quibus
646 2530 780 2594 nixatur
801 2529 871 2594 vita
892 2506 1067 2616 salusque}

269 2659 335 2701 non
357 2635 452 2699 modo
475 2635 563 2699 enim
584 2633 668 2698 ratio
689 2641 766 2698 ruet
788 2633 901 2710 omnis,
924 2634 993 2697 vita
1015 2656 1143 2720 quoque
1166 2635 1237 2720 ipsc

269 2740 418 2804 concidet
440 2738 613 2824 extemplo,
636 2737 699 2802 nisi
721 2737 851 2802 credere
872 2738 1020 2802 sensibus
1041 2738 1129 2802 ausis

269 2843 520 2929 praecipitisque
543 2843 628 2907 locos
651 2841 754 2907 vitare
777 2849 812 2906 et
834 2849 942 2906 cetera
964 2863 1046 2926 quae
1069 2842 1135 2906 sint

270 2947 305 3011 in
326 2969 444 3034 genere
467 2947 526 3010 hoc
549 2946 713 3032 fugiende,
736 2945 829 3031 sequi
850 2945 1011 3010 contraria
1031 2968 1115 3031 quae
1136 2913 1233 3021 sinti
1327 2965 1393 3028 510

270 3049 326 3113 illa
348 3049 412 3113 tibi
433 3057 483 3114 est
506 3049 608 3134 igitur
631 3048 802 3113 verborum
825 3048 918 3132 copia
940 3069 1029 3112 casse.

224 3145 228 3158 ’
270 3152 374 3217 omnis
396 3174 479 3236 quae
501 3159 613 3215 eontra
635 3172 748 3215 sensus
770 3151 930 3215 instructa
952 3131 1122 3251 paratam]

269 3255 409 3340 denique
432 3262 471 3318 ut
493 3255 526 3317 in
550 3255 679 3332 fabrice,
701 3255 730 3318 si
752 3261 883 3340 pravast
905 3254 1017 3341 regule
1039 3255 1153 3339 prime,

271 3381 446 3443 normaque
468 3359 496 3422 si
519 3358 616 3422 fallax
638 3359 735 3422 rectis
758 3359 945 3446 regionibus
967 3359 1043 3435 exit,

271 3474 304 3530 et
326 3465 438 3529 libelle
459 3465 567 3549 eliqua
589 3464 617 3529 si
640 3488 679 3529 ex
701 3465 790 3550 perti
811 3464 972 3529 claudicat
994 3464 1106 3539 hilum,
1328 3480 1388 3547 515

270 3568 379 3632 omnia
402 3568 553 3632 mendose
576 3568 646 3631 fieri
669 3576 768 3653 etque
792 3567 921 3652 obstipa
943 3589 1071 3631 necesse
1094 3575 1144 3630 est

270 3694 369 3757 prava
391 3671 545 3735 cubantia
567 3693 668 3756 prona
690 3672 808 3756 supina
830 3678 929 3754 atque
951 3669 1070 3733 absona
1094 3677 1188 3743 tecta,

269 3776 334 3839 iem
357 3797 449 3838 ruere
473 3783 511 3838 ut
534 3774 692 3859 quaedem
717 3774 891 3839 videantur
913 3772 1005 3848 velle,
1028 3781 1189 3857 ruantque

181 3957 283 4019 poterit.
317 3957 430 4018 poterint
441 3954 507 4002 Mer.
517 3953 575 4003 Ver..
588 3953 652 4001 Ven.
790 3953 837 4002 491
849 3966 956 4001 seorsum
966 3950 1052 3998 Bentl.
1065 3950 1105 3998 ior
1115 3952 1212 4001 videri:
1229 3965 1246 4000 e
1257 3965 1392 4018 necessary

184 4039 291 4101 change.
325 4036 416 4085 Lcmb.
428 4037 489 4086 here
500 4037 670 4098 interpolatos
681 4050 697 4085 e
708 4050 787 4084 verse.
879 4035 927 4084 493
938 4034 1021 4081 videre
1032 4031 1113 4079 Lech.
1126 4033 1165 4079 for
1175 4042 1295 4082 meeum
1305 4035 1392 4085 which

185 4122 233 4172 has
244 4136 317 4171 come
328 4121 395 4170 from
407 4136 422 4169 a
433 4119 621 4182 neighbouring
632 4134 709 4169 verse.
845 4117 893 4168 495
905 4118 1049 4166 Nascuntur
1059 4113 1117 4163 Ver.
1129 4114 1192 4162 Ven.
1205 4114 1272 4164 Mar.
1284 4117 1324 4166 for
1336 4134 1391 4168 nae.

184 4211 282 4255 curetur.
441 4204 489 4254 496
503 4207 601 4266 possi-ru
612 4203 681 4252 Flor.
694 4204 725 4250 31
738 4201 810 4249 Mon.
823 4199 898 4249 Pont.
911 4197 968 4247 Ald.
981 4198 994 4244 1
1007 4197 1080 4244 runt.
1093 4196 1133 4243 for
1146 4204 1259 4257 porrum.
1290 4209 1392 4261 possent

185 4285 274 4336 Ocmb.
371 4288 420 4337 498
432 4302 515 4349 aequa
526 4286 595 4335 Flor.
609 4287 639 4335 31
651 4287 727 4335 Pont.
742 4285 809 4333 Mer.
820 4282 880 4332 Ald.
894 4280 993 4331 lJunt.
1006 4278 1142 4338 feraeque„
1238 4279 1392 4343 500pcten'r

185 4365 255 4416 Nico.
267 4367 308 4416 for
316 4369 420 4429 poteris.
547 4368 595 4416 514
606 4369 629 4416 si
641 4366 712 4416 Nice.
723 4366 747 4415 B
757 4378 824 4416 corr.
836 4364 878 4415 for
886 4365 947 4415 uti.
1069 4359 1119 4410 ⁵1⁴1
1129 4359 1216 4408 ΡΜ
1227 4359 1292 4411 Mer.
1304 4360 1363 4411 Ald.
1377 4365 1391 4411 1
1410 4361 1415 4370 ’
