3008 4800
718 215 768 280 IV

226 381 355 466 prodita
377 377 506 443 iudiciis
530 376 698 440 fallacibus
720 376 830 440 omnia
852 376 974 460 primis,

226 485 272 549 sic
294 485 396 570 igitur
418 483 501 544 ratio
524 480 587 544 tibi
610 502 718 544 rerum
741 501 842 564 prava
864 488 1025 544 necessest

228 588 370 670 falsaque
392 586 444 658 sit,
468 583 556 647 falsis
580 604 803 667 quaecumque
826 582 868 645 ab
892 582 1040 646 sensibus
1063 554 1194 689 ortast.l

272 690 369 770 Nunc
392 687 447 749 alii
470 708 584 749 sensus
606 708 670 770 quo
694 694 789 770 pacto
812 685 951 771 quisque
974 708 1065 749 suam
1089 708 1155 750 rem

225 792 355 866 sentiat,
377 788 630 874 haudquaquam
654 788 737 851 ratio
760 809 913 872 scruposa
935 788 1047 852 relicta
1069 777 1145 874 estl

272 893 433 978 Principio
455 891 589 956 auditur
610 912 707 955 sonus
730 900 764 954 et
789 912 851 955 vox
874 891 987 967 omnis,
1010 891 1044 954 in
1066 893 1152 956 auris

228 997 393 1061 insinuata
415 1017 473 1060 suo
496 994 651 1080 pepulere
674 993 732 1057 ubi
755 1016 886 1079 corpore
909 983 1066 1096 sensum}

228 1122 411 1185 corpoream
433 1121 536 1164 vocem
559 1120 687 1183 quoque
710 1097 799 1162 enim
822 1105 969 1161 constare
992 1097 1190 1162 fatendumst

229 1213 264 1269 et
285 1204 438 1280 sonitum,
460 1203 615 1289 quoniam
638 1211 774 1287 possunt
797 1185 1116 1306 inpellei·e'sensus.l

229 1315 397 1393 praeterea
418 1307 505 1370 radit
529 1328 590 1370 vox
613 1306 721 1370 fauces
744 1327 840 1390 saepe
864 1305 1005 1390 facitque

229 1411 389 1496 asperiora
411 1411 495 1474 foras
516 1409 668 1495 gradiens
691 1408 813 1472 arteria
834 1402 984 1505 clamor}

230 1515 350 1600 quippe
373 1519 630 1598 perangustum
653 1512 753 1576 turba
775 1511 897 1576 maiore
920 1519 1028 1575 coorta

229 1619 276 1682 ire
299 1618 381 1681 foras
405 1617 461 1680 ubi
483 1624 661 1701 coeperunt
683 1616 860 1701 primordia
882 1638 1007 1691 vocum,
1075 1688 1077 1692 .

231 1720 353 1784 scilicet
375 1719 499 1804 expleti
521 1740 651 1804 quoque
674 1720 773 1783 ianua
794 1718 921 1782 raditur
943 1701 1035 1818 orisl

231 1823 319 1887 haud
340 1823 443 1909 igitur
464 1822 635 1886 dubiumst
657 1822 738 1906 quin
761 1843 854 1886 voces
877 1822 1037 1906 verbaque
1060 1830 1208 1886 constent

231 1926 388 2011 corporeis
412 1947 429 1989 e
453 1924 630 2009 principiis,
652 1933 692 1987 ut
714 1924 843 1988 laedere
865 1905 1016 2016 possint}

231 2052 290 2093 nec
313 2038 346 2094 te
369 2029 453 2093 fallit
476 2029 557 2092 item
581 2028 661 2113 quid
683 2028 825 2112 corporis
847 2029 975 2092 auferat
997 2036 1032 2092 et
1054 2027 1132 2113 quid

233 2133 382 2197 detrahat
404 2133 444 2196 ex
468 2126 637 2195 hominum
660 2132 768 2196 nervis
790 2154 828 2195 ac
850 2131 973 2197 viribus
995 2132 1074 2217 ipsis

232 2244 407 2321 perpetuus
429 2257 535 2299 sermo
558 2235 664 2320 nigrai
686 2235 792 2299 noctis
814 2235 857 2298 ad
880 2236 1028 2300 umbram

232 2362 364 2404 aurorae
386 2339 564 2425 perductus
587 2339 629 2403 ab
652 2340 820 2404 exoriente
843 2339 958 2416 nitore,

231 2445 421 2530 praesertim
444 2443 472 2506 si
495 2465 570 2506 cum
593 2452 752 2506 summost
774 2443 914 2506 clamore
937 2412 1107 2538 profususl

233 2571 308 2635 ergo
331 2569 514 2633 corpoream
538 2568 651 2610 vocem
673 2555 821 2611 constare
844 2557 1014 2622 necessest,

233 2654 338 2717 multa
360 2653 495 2736 loquens
518 2650 672 2736 quoniam
694 2650 822 2715 amittit
845 2650 884 2715 de
908 2672 1038 2736 corpore
1061 2634 1208 2757 partem(

149 2773 206 2840 551
233 2757 391 2841 asperitas
413 2764 526 2819 autem
550 2755 636 2819 vocis
659 2755 697 2818 lit
719 2755 762 2819 ab
784 2754 963 2840 asperitate

234 2860 465 2946 principiorum
489 2865 523 2922 et
546 2859 627 2923 item
651 2858 739 2921 levor
762 2858 868 2922 levore
891 2826 1045 2962 creaturi

148 2981 209 3046 542
233 2986 293 3029 nec
315 2963 414 3027 simili
437 2971 613 3048 penetrant
635 2961 723 3025 auris
744 2960 922 3046 primordia
944 2962 1053 3037 forma,

233 3090 307 3132 curn
330 3067 411 3131 tuba
433 3066 585 3150 depresso
607 3064 751 3152 graviter
774 3063 835 3128 sub
858 3086 1024 3128 murmure
1047 3063 1152 3149 mugit
1293 3079 1349 3146 545

233 3179 267 3234 et
290 3156 402 3234 reboat
424 3191 560 3232 raucum
582 3168 671 3253 regio
693 3167 760 3231 cita
782 3167 920 3231 barbara
941 3167 1105 3242 bombum,

146 3391 219 3440 Junt.
234 3389 273 3438 101
282 3404 374 3451 parva.
517 3387 567 3436 526
577 3402 661 3436 vocem
673 3401 726 3435 om.
738 3387 783 3435 AB
795 3385 882 3436 Nice:
900 3384 996 3448 rightly
1007 3385 1119 3434 inserted
1131 3384 1165 3448 by
1175 3385 1252 3436 Lesb
1268 3385 1353 3435 belore

147 3486 242 3535 quoque
255 3472 331 3519 enim:
349 3468 418 3517 Flor.
430 3469 462 3516 31
475 3467 564 3517 Oamb.
579 3469 646 3529 vulg.
662 3468 735 3530 place
745 3467 767 3515 it
779 3467 853 3516 after.
985 3467 1033 3515 528
1043 3468 1176 3516 Praeterea
1187 3469 1257 3516 radit
1268 3468 1291 3515 A
1302 3467 1354 3516 and

148 3553 326 3612 Gelliusx26,
340 3551 458 3600 oneVat.
473 3551 550 3600 Pont.
565 3551 662 3599 Avanc.
675 3549 780 3612 rightly.
805 3551 1021 3612 Propterearadit
1029 3549 1058 3598 B.
1084 3550 1189 3598 Praeter
1199 3552 1269 3598 radit
1281 3549 1349 3599 Nico.
1376 3581 1378 3586 ι
1473 3559 1476 3564 ’

147 3651 197 3686 ona
213 3636 272 3685 Vat.
290 3634 349 3683 Ver.
367 3634 431 3682 Ven.
449 3631 553 3681 whence
569 3633 676 3681 Praeter
691 3633 762 3680 radit
778 3635 844 3680 enim
859 3631 929 3680 Flor.
945 3633 977 3679 31
992 3631 1081 3681 Gamb.
1099 3633 1114 3680 3
1130 3632 1188 3681 Vat.
1202 3632 1273 3681 Brix.
1291 3633 1354 3682 Mar.

148 3720 259 3780 Nauger.
271 3718 339 3779 vulg.
372 3718 480 3766 Praeter
491 3718 558 3765 caim
568 3717 640 3764 radit
651 3714 725 3764 tunt.
857 3716 906 3762 532
918 3714 1101 3776 captati-Laeli
1117 3714 1156 3763 ior
1167 3717 1279 3777 expletis,
1294 3713 1354 3763 thus

148 3797 243 3859 simply
253 3795 358 3857 bealing
370 3811 386 3844 a
397 3795 531 3857 desperate
542 3811 661 3857 passage.
695 3797 798 3845 raditur
809 3796 830 3844 B
842 3795 957 3843 Politian
969 3794 997 3843 in
1005 3810 1086 3857 marg.
1095 3795 1162 3844 Flor.
1173 3797 1215 3847 29:
1234 3797 1355 3858 (creditur

148 3879 176 3928 in
188 3882 260 3939 text).
296 3879 395 3927 reditur
405 3879 428 3926 A
439 3878 526 3937 Nicc.;
543 3878 625 3928 hence
638 3880 755 3927 redditur
765 3878 835 3927 Flor.
848 3879 880 3927 31
893 3877 984 3927 Camb.
996 3878 1062 3940 vulg.
1074 3878 1126 3928 and
1138 3883 1164 3927 to
1176 3879 1231 3940 give
1242 3895 1257 3928 a
1269 3894 1354 3928 mean·

147 3959 192 4023 ing
202 3964 230 4009 to
242 3959 287 4010 the
299 3974 412 4022 passage,
427 3959 492 4009 Mar.
505 3960 579 4009 Junt.
593 3959 645 4008 add
656 3974 672 4009 a
684 3973 757 4008 verso
773 3962 864 4010 Rauca
878 3961 939 4020 viis,
957 3967 982 4009 et
997 3962 1046 4008 iter
1060 3962 1147 4016 laedit,
1164 3976 1213 4023 qua
1228 3977 1276 4011 coc
1291 3966 1313 4012 it
1328 3966 1354 4012 in

148 4058 238 4100 aaran
255 4043 352 4090 Avanc.
369 4041 460 4101 taking
475 4044 526 4090 aris
542 4056 572 4090 as
588 4056 604 4090 a
619 4042 687 4104 plur.
704 4040 767 4089 thus
784 4043 945 4091 110110011ιί1
961 4049 985 4091 et
1000 4043 1049 4090 iter
1063 4043 1146 4091 reddit
1161 4058 1211 4105 qua
1227 4059 1274 4093 voa
1291 4047 1312 4092 it
1329 4048 1357 4093 ia

148 4140 233 4174 auras.
364 4125 412 4173 542
423 4125 472 4174 543
483 4124 540 4188 (551
553 4126 611 4184 552)
623 4124 721 4187 rightly
727 4124 819 4187 placed
831 4125 893 4173 here
903 4123 1035 4185 byLamb.
1049 4125 1114 4174 first.
1244 4129 1292 4176 543
1304 4129 1356 4177 levo

149 4206 234 4253 latiore
246 4204 299 4252 ΑΒ.
333 4206 396 4253 teris
409 4207 489 4253 levore
501 4205 565 4253 Mar.
580 4202 640 4253 ald.
654 4206 668 4252 1
680 4204 754 4253 Junt.
791 4205 877 4254 laevor
890 4205 987 4252 laevore
998 4202 1090 4252 Lamb.
1176 4201 1224 4251 545
1236 4220 1357 4255 1111111110

148 4283 220 4333 Brix.
233 4284 307 4333 Pont.
319 4284 385 4336 Mar.
400 4284 458 4333 Ald.
472 4286 485 4332 1
498 4285 572 4334 tunt.
586 4285 626 4333 for
636 4299 774 4333 namura.
908 4282 957 4332 546
968 4286 1004 4332 Et
1014 4287 1101 4334 reboat
1110 4299 1214 4333 raucam
1225 4289 1292 4348 repta
1306 4291 1358 4336 cita

149 4366 257 4415 barbara
273 4365 353 4417 Iaoh.
375 4366 415 4414 lor
436 4369 473 4416 Et
489 4374 592 4416 revorat
609 4381 714 4416 raucam
730 4374 797 4415 retro
813 4368 868 4416 cita
885 4365 1006 4413 barbara:
1031 4365 1075 4414 the
1092 4365 1162 4415 older
1178 4365 1296 4429 readings
1316 4383 1359 4417 are

235 4464 269 4510 11
1232 4452 1272 4513 12
