3008 4800
722 240 778 304 III
1301 259 1360 325 137

286 403 360 466 Huc
382 400 509 466 accedit
531 401 582 464 uti
606 400 783 477 videamus,
806 424 920 487 corpus
944 411 980 466 ut
1004 404 1109 487 ipsum

242 504 401 588 suscipere
425 502 565 566 inmanis
589 502 717 566 morbos
738 504 922 588 durumque
945 503 1094 580 dolorem,
1294 509 1359 584 460

239 609 284 672 sic
306 609 451 671 animum
474 628 566 671 curas
589 606 671 669 acris
694 606 883 691 luctumque
908 616 1115 691 metumque;

239 733 337 796 quare
360 709 551 795 participem
575 708 634 772 leti
656 731 785 794 quoque
808 710 959 774 convenit
982 732 1058 774 esse.

240 815 319 900 quin
342 813 442 878 etiam
466 813 587 877 morbis
609 814 643 878 in
666 814 807 898 corporis
828 815 921 878 avius
944 824 1030 877 errat

149 967 152 972 .
239 939 335 1002 saepe
356 917 486 981 animus
498 941 506 996 ;
528 917 691 981 dementit
714 917 801 981 enim
825 917 990 1002 deliraque
1014 918 1102 983 latur

238 1019 467 1106 interdumque
489 1019 581 1106 gravi
604 1019 752 1106 lethargo
775 1021 878 1084 fertur
900 1021 933 1084 in
955 1021 1059 1084 altum
1293 1023 1355 1103 465

239 1121 474 1207 aeternumqiie
497 1144 644 1208 soporem
667 1122 768 1187 oculis
791 1130 940 1208 nutuque
962 1123 1099 1200 cadenti,

241 1227 326 1291 unde
349 1248 455 1311 neque
478 1225 613 1291 exaudit
637 1248 729 1290 voces
752 1248 811 1290 nec
833 1249 963 1291 noscere
985 1227 1093 1292 voltus

238 1328 365 1393 illorum
388 1329 475 1414 potis
497 1337 557 1404 est,
579 1328 620 1392 ad
643 1329 746 1392 vitam
769 1329 826 1414 qui
848 1337 1036 1394 revocantes

239 1431 449 1496 circumstant
472 1431 613 1496 lacrimis
634 1440 781 1496 rorantes
804 1455 859 1497 ora
880 1455 1051 1520 genasque.

238 1557 337 1621 quare
358 1535 507 1600 animum
529 1557 659 1620 quoque
681 1535 816 1600 dissolui
838 1537 960 1602 fateare
983 1546 1153 1615 necessest,

240 1638 501 1724 quandoquidem
524 1646 700 1724 penetrant
721 1638 756 1702 in
780 1661 856 1703 eum
878 1640 1027 1724 contagia
1049 1641 1171 1719 morbi3

239 1765 314 1806 nam
336 1743 427 1807 dolor
448 1765 486 1808 ao
509 1743 640 1808 morbus
662 1742 722 1808 leti
745 1743 918 1808 fabricator
940 1752 1117 1831 uterquest,

239 1846 416 1910 multorum
440 1845 540 1910 exitio
562 1845 708 1932 perdocti
731 1845 818 1930 quod
839 1869 951 1912 sumus
971 1829 1074 1963 ante.)

239 1948 379 2034 denique
402 1970 492 2033 quor,
513 1948 680 2013 hominem
702 1971 777 2013 curn
801 1949 870 2013 vini
894 1950 943 2015 vis
965 1950 1148 2036 penetravit

237 2051 319 2116 acris
341 2059 375 2117 et
398 2053 433 2116 in
456 2073 556 2117 venas
579 2052 727 2117 discessit
750 2053 875 2118 diditus
897 2056 999 2132 ardor,

239 2156 446 2242 consequitur
467 2155 612 2242 gravitas
634 2156 862 2234 membrorum,
886 2157 1139 2244 praepediuntur

238 2281 330 2323 crura
352 2259 527 2336 vacillanti,
550 2260 705 2324 tardescit
728 2260 848 2347 lingua,
871 2262 981 2326 madet
1003 2284 1102 2338 mens,

238 2369 317 2426 nant
340 2362 434 2440 oculi,
456 2363 576 2427 elamor
598 2363 763 2450 singultus
785 2364 893 2450 iurgia
913 2365 1063 2449 gliscunt,

237 2473 271 2528 et
292 2465 357 2529 iarn
380 2473 489 2531 cetera
510 2465 552 2529 de
574 2487 693 2552 genere
716 2467 776 2531 hoo
798 2489 1021 2553 quaecumque
1043 2477 1203 2544 secuntur,

236 2590 293 2633 cur
314 2591 353 2633 ea
373 2577 460 2644 sunt,
483 2568 546 2633 nisi
569 2569 655 2654 quod
679 2591 812 2635 vemens
835 2571 988 2635 violentia
1010 2570 1077 2634 vini

236 2673 426 2738 conturbare
449 2673 593 2737 animam
615 2675 784 2740 consuevit
806 2698 936 2762 corpore
958 2677 992 2740 in
1014 2676 1106 2760 ipso?

237 2785 273 2839 at
295 2798 519 2862 quaecumque
541 2785 668 2862 queunt
690 2779 877 2843 conturbari
898 2779 997 2863 inque
1019 2778 1130 2864 pedirr,

237 2879 432 2967 significant,
454 2880 553 2966 paulo
575 2880 603 2945 si
626 2880 737 2945 durior
759 2881 933 2946 insinuarit

236 3005 339 3060 causa,
363 2984 430 3048 fore
453 2992 492 3048 ut
515 2994 651 3069 pereant
674 3008 753 3050 aevo
777 2987 905 3071 privata
928 2955 1057 3092 suturnl

237 3088 438 3174 quinetiam
463 3090 572 3154 subito
595 3090 628 3153 vi
652 3090 755 3154 morbi
779 3111 875 3175 saepe
897 3098 1026 3154 coactus

236 3203 312 3258 ante
334 3194 443 3258 oculos
465 3193 583 3279 aliquis
605 3203 740 3270 nostros,
763 3202 802 3257 ut
825 3193 969 3258 fulminis
992 3194 1069 3271 ictu,

236 3296 377 3361 concidit
397 3306 432 3362 et
456 3302 587 3382 'spumas
609 3298 688 3384 agit,
712 3297 851 3385 ingemit
876 3309 910 3362 et
932 3298 1044 3363 tremit
1066 3306 1163 3374 artus,

235 3398 363 3484 desipit,
385 3407 536 3464 extentat
559 3422 681 3478 nervos,
704 3408 883 3485 torquetur,
906 3401 1037 3465 anhelat

235 3504 466 3581 inconstanter,
488 3512 522 3568 et
545 3503 580 3567 in
603 3504 754 3568 iactando
778 3505 923 3568 membra
946 3470 1093 3605 fatigatl

234 3606 387 3670 nimirum
410 3607 488 3692 quia
510 3607 559 3671 vis
581 3607 685 3672 morbi
708 3607 864 3700 distracta
886 3630 943 3692 per
965 3618 1054 3672 artus

148 3907 213 3944 corr.
225 3892 296 3943 Junt.
310 3892 402 3942 Lamb.
415 3895 461 3941 not
474 3892 537 3942 Mar.
630 3894 679 3944 472
689 3895 760 3942 dolor
772 3891 840 3942 Nico.
856 3892 896 3940 ior
904 3894 983 3954 polcr.
1071 3891 1119 3943 474
1130 3892 1177 3941 475
1189 3893 1225 3939 Et
1236 3892 1352 3952 quoniam

148 3981 251 4024 meatem
261 3976 348 4022 sanari
359 3989 447 4036 corpus
458 3981 487 4022 ot
502 3988 605 4033 <reprom
615 3975 652 4022 Et
665 3977 767 4036 pariter
782 3981 886 4022 mentem
900 3975 987 4022 serrari
1001 3988 1088 4035 eorpus
1103 3975 1191 4022 inerti:
1209 3987 1242 4021 an
1257 3971 1351 4021 absurd

148 4053 342 4118 interpolation:
366 4055 511 4114 474=510;
535 4056 575 4104 for
592 4055 640 4106 475
657 4056 723 4104 Mar.
741 4055 798 4106 Ald.
820 4057 833 4104 1
850 4056 924 4106 Junt.
942 4055 1080 4105 substitute
1096 4056 1152 4105 511.
1186 4053 1275 4103 Lamb.
1294 4053 1351 4102 first

148 4135 260 4198 expelled
271 4135 342 4186 both.
465 4135 514 4187 476
526 4152 596 4200 quor.
630 4143 672 4187 cor
683 4138 735 4195 AB,
749 4137 832 4186 which
844 4138 867 4187 is
879 4139 923 4187 the
935 4153 1005 4188 same
1017 4138 1103 4200 thing:
1121 4153 1150 4187 so
1162 4153 1182 4186 11
1195 4139 1249 4198 194,
1264 4140 1348 4188 1v575

148 4231 303 4280 corn=qoom
314 4231 423 4266 orcum:
442 4230 468 4265 ιν
480 4216 528 4266 116
540 4233 623 4267 eorum
635 4219 687 4279 AB,
701 4234 786 4268 eorem
796 4219 876 4268 Lech.
889 4219 931 4269 ie.
944 4235 1052 4282 quornm.
1089 4222 1129 4269 etr
1141 4221 1265 4268 bominum
1280 4219 1351 4271 Nico.

149 4298 217 4349 Flcr.
237 4299 268 4347 31
289 4298 377 4349 camb.
398 4300 413 4348 5
434 4299 493 4349 Vat.
514 4299 558 4348 old
576 4299 630 4349 eds.
650 4300 738 4350 before
758 4301 824 4349 Mar.
844 4301 897 4349 and
919 4300 1004 4350 Junt:
1027 4300 1110 4350 which
1132 4300 1205 4350 Wak.
1229 4300 1350 4364 absurdly

148 4379 232 4444 keeps.
330 4383 378 4432 482
392 4384 555 4432 Carcasum
567 4383 636 4433 Nioc.
652 4384 692 4433 lor
703 4386 781 4433 curba
792 4392 858 4433 seint.
948 4385 994 4435 492
1006 4386 1068 4446 quia
1080 4383 1148 4433 Nico.
1161 4383 1229 4432 Flor.
1241 4385 1271 4432 31
1284 4383 1347 4434 Mar.
