3008 4800
730 196 760 258 V

179 359 344 458 [lquippe
367 358 425 422 ubi
447 380 482 422 se
505 357 602 421 multi
624 379 682 442 per
704 357 830 420 somnia
852 377 948 441 saepe
971 356 1139 442 loquentes

221 473 279 526 aut
303 461 414 527 morbo
437 460 613 525 delirantes
636 467 787 544 protraxe
810 458 957 522 ferantur

221 575 255 631 et
278 566 383 631 celata
405 565 496 628 mulo
518 563 552 627 in
575 563 719 627 medium
743 571 777 626 et
799 573 932 648 peccata
954 562 1102 646 dedisse]
1266 566 1348 630 1160

209 666 225 729 l
266 669 366 733 Nunc
388 689 471 752 quae
495 688 592 730 causa
613 665 712 729 deum
735 687 794 749 per
816 687 950 752 magnas
973 667 1108 730 numina
1129 668 1237 752 gentis

222 770 423 856 pervulgarit
446 777 480 833 et
502 790 630 832 ararum
654 768 864 852 compleverit
887 769 976 832 urbis

224 869 494 956 suscipiendaque
518 871 639 933 curarit
661 869 831 934 sollemnia
852 892 948 944 sacra,

224 998 307 1062 quae
329 975 474 1039 nuncin
496 975 624 1060 magnis
647 974 766 1038 florent
788 995 879 1038 sacra
900 974 988 1038 rebu’
1012 974 1161 1060 locisque,

224 1081 311 1145 unde
334 1079 435 1144 etiam
457 1101 544 1142 nunc
566 1087 616 1142 est
639 1077 832 1142 mortalibus
853 1077 972 1142 insitus
995 1077 1104 1142 horror
1268 1082 1346 1160 1165

224 1184 282 1270 qui
303 1183 440 1248 delubra
461 1181 560 1246 deum
582 1203 667 1245 nova
689 1189 760 1245 toto
783 1181 922 1245 suscitat
944 1181 1013 1246 orbi

176 1314 210 1379 >L
224 1296 385 1352 terrarum
408 1295 443 1350 et
466 1286 556 1350 festis
578 1286 666 1372 cogit
689 1285 851 1350 celebrare
873 1285 998 1362 diebus,

225 1412 291 1455 non
313 1390 361 1453 ita
383 1389 546 1453 difficilest
568 1388 729 1453 rationem
752 1387 887 1453 reddere
910 1344 1038 1482 verbisl

227 1494 349 1580 quippe
372 1493 495 1558 etenim
518 1493 584 1557 iam
607 1500 680 1556 tum
702 1491 812 1555 divom
835 1491 983 1556 mortalia
1005 1493 1108 1557 saecla

227 1597 375 1684 egregias
397 1597 506 1661 animo
529 1596 627 1661 facies
649 1595 808 1682 vigilante
831 1595 985 1660 videbant

228 1709 263 1766 et
286 1701 390 1785 magis
411 1701 447 1764 in
469 1700 590 1764 somnis
613 1699 760 1763 mirando
782 1699 922 1785 corporis
943 1676 1075 1868 auctuss

228 1803 280 1868 his
302 1804 406 1890 igitur
426 1824 556 1868 sensum
581 1803 770 1866 tribuebant
792 1811 964 1888 propterea
989 1825 1032 1888 qu

229 1908 376 1972 membra
397 1929 525 1971 movere
549 1906 745 1970 videbantur
766 1927 923 1991 vocesque
947 1909 1100 1993 superbas

229 2010 362 2075 mittere
384 2031 443 2094 pro
466 2009 546 2101 facie
568 2009 732 2094 praeclara
754 2016 789 2073 et
811 2008 935 2074 viribus
957 1997 1095 2109 ampliss

230 2120 463 2197 aeternamque
485 2112 608 2176 dabant
630 2111 742 2187 vitam,
765 2111 843 2196 quia
864 2133 991 2197 semper
1013 2135 1122 2178 eorum

229 2205 501 2302 subpeditabatur
523 2216 620 2280 facies
643 2224 677 2281 et
700 2217 804 2280 forma
826 2217 987 2292 manebat,

192 2315 195 2320 ’
229 2329 264 2385 et
287 2328 398 2384 tamen
421 2320 552 2384 omnino
575 2320 661 2405 quod
683 2319 787 2384 tantis
809 2319 933 2384 viribus
955 2330 1066 2385 auctos

165 2411 189 2418 '¹
230 2447 296 2489 non
317 2432 440 2489 temere
463 2423 529 2487 ulla
553 2425 584 2487 vi
607 2423 754 2488 convinci
776 2445 869 2508 posse
893 2397 1080 2513 putabantl

150 2607 152 2613 Ι
230 2528 432 2613 fortunisque
455 2528 528 2592 ideo
550 2529 646 2613 longe
668 2536 833 2612 praestare
855 2529 1025 2613 putabant,

230 2630 317 2716 quod
340 2631 454 2695 mortis
476 2630 574 2695 timor
596 2630 678 2695 haut
700 2653 899 2717 quemquam
921 2642 1054 2698 vexaret
1076 2656 1194 2710 eorum,

232 2743 266 2799 et
288 2734 387 2799 simul
409 2734 444 2798 in
467 2735 587 2799 somnis
609 2735 687 2820 quia
710 2735 815 2800 multa
837 2745 872 2800 et
894 2737 976 2800 mira
997 2737 1150 2802 videbant

123 2920 127 2929 1
192 2850 213 2902 >1
232 2838 356 2902 efficere
379 2846 413 2902 et
436 2837 562 2902 nullum
585 2839 699 2923 capere
720 2839 808 2924 ipsos
829 2838 905 2903 inde
928 2814 1096 2920 laboreml

233 2950 401 3027 praeterea
422 2941 503 3006 caeli
525 2942 667 3007 rationes
690 2942 801 3007 ordine
824 2952 912 3007 certo

233 3053 267 3108 et
290 3044 379 3107 varia
401 3066 559 3107 annorum
581 3043 758 3111 cernebant
781 3053 929 3130 tempora
950 3045 1033 3110 verti

233 3171 292 3212 neo
314 3157 466 3233 poterant
488 3148 606 3234 quibus
628 3148 663 3213 id
685 3149 778 3214 fieret
800 3171 990 3236 cognoscere
1013 3117 1142 3247 causisl

233 3272 310 3336 ergo
333 3251 516 3337 perfugium
540 3251 602 3317 sibi
624 3251 791 3317 habebant
813 3252 921 3316 omnia
942 3253 1026 3317 divis

233 3354 361 3419 tradere
383 3363 417 3419 et
440 3354 566 3418 illorum
591 3363 675 3418 nutu
699 3355 802 3419 facere
825 3356 933 3419 omnia
955 3322 1069 3461 flectil

233 3458 268 3522 in
290 3458 443 3544 caeloque
466 3458 564 3523 deum
586 3459 677 3523 sedes
701 3453 735 3523 et
758 3459 881 3544 templa
904 3460 1057 3536 locarunt,

234 3583 292 3646 per
314 3561 440 3625 caelum
463 3561 548 3625 volvi
571 3561 647 3646 quia
669 3584 732 3625 nox
755 3571 790 3626 et
813 3563 891 3626 luna
914 3562 1052 3637 videtur,

234 3663 313 3727 luna
335 3663 404 3728 dies
428 3673 462 3728 et
485 3686 548 3728 nox
571 3672 605 3728 et
628 3665 733 3728 noctis
755 3664 848 3751 signa
870 3686 982 3730 severa
1275 3687 1357 3751 1190

92 3982 96 3986 ,
148 3930 227 3982 used:
244 3929 354 3981 another
365 3929 509 3981 indication
520 3931 579 3981 that
590 3933 725 3983 Pontanus
736 3949 797 3996 may
809 3934 875 3984 have
887 3934 939 3984 had
950 3935 1097 3998 possession
1107 3937 1136 3986 of
1150 3937 1193 3987 the
1208 3953 1258 3988 ms.
1271 3939 1357 3990 before

148 4011 280 4062 Marullus.
383 4011 447 4060 1160
463 4014 531 4061 mula
543 4013 626 4062 added
637 4013 671 4077 by
681 4013 762 4064 Lech.
796 4017 843 4064 diu
854 4015 919 4065 Mar.
931 4017 1102 4067 Aldlilunt.
1114 4021 1182 4083 vulg.
1292 4025 1355 4076 1177

149 4094 186 4141 Et
199 4101 282 4142 tamea
292 4094 400 4144 omuino.
436 4095 472 4142 Et
484 4103 567 4144 munet
578 4097 677 4144 omnino
688 4095 781 4145 Lamb.
794 4099 863 4146 most
874 4098 1025 4160 perversely.
1106 4101 1168 4153 1178
1179 4105 1235 4152 ullu
1246 4106 1273 4153 vi
1285 4104 1361 4158 Brix..

80 4229 83 4234 ,
150 4175 214 4225 Mar.
226 4175 284 4225 Ald.
297 4178 311 4225 1
324 4177 397 4225 Junt.
411 4177 450 4225 for
461 4179 509 4225 illu
520 4180 556 4225 vi.
590 4178 724 4242 illalulla)
738 4178 796 4228 Ver.
809 4179 872 4228 Ven.
979 4181 1042 4231 1189
1058 4196 1131 4230 noa
1151 4185 1195 4233 luc
1205 4184 1286 4235 Lach.
1320 4191 1357 4238 sol

150 4256 243 4306 hamb.
343 4257 513 4307 1190severu.
546 4273 635 4308 serena
646 4259 779 4309 Candidus
790 4265 818 4311 at
829 4260 879 4310 end
889 4261 919 4310 of
929 4261 1003 4311 Junt.
1014 4261 1096 4311 Lach.
1107 4262 1191 4314 which
1202 4265 1293 4316 Lamb.
1301 4270 1357 4319 also

148 4341 257 4404 prefers:
277 4341 323 4391 the
339 4341 438 4404 change
456 4343 483 4392 of
499 4357 588 4392 course
604 4344 627 4392 is
644 4358 704 4406 very
721 4343 814 4405 slight3
832 4344 878 4394 but
893 4359 980 4394 severa
997 4344 1020 4394 is
1036 4349 1064 4395 to
1082 4360 1126 4409 my
1142 4351 1210 4398 teste
1226 4349 1271 4399 the
1287 4366 1357 4402 more

235 4441 270 4490 m.
1230 4438 1270 4499 16
