3008 4800
147 228 190 296 74
734 216 752 281 Ι

232 398 291 439 neo
313 397 393 460 quos
416 399 564 462 quaeque
587 377 701 442 dorent
723 387 825 442 motus
843 379 993 463 pepipere
1012 379 1161 465 profecto,

232 480 288 544 sed
312 481 389 565 quis
411 481 516 544 multa
539 482 643 545 modis
667 482 780 546 multis
803 490 932 546 mutata
954 505 1012 567 per
1035 506 1129 548 omne

231 606 271 647 ex
295 583 423 648 infinito
447 595 606 648 vexantur
628 585 753 669 percita
776 584 888 671 plagis

233 707 327 748 omne
350 708 453 771 genus
476 697 585 751 motus
608 697 642 752 et
663 696 776 751 coetus
798 689 998 771 experiundo

236 791 368 855 tandem
391 791 569 856 deveniunt
591 793 625 856 in
648 792 723 855 talis
746 791 968 875 disposituras,

234 892 384 975 qualibus
406 894 486 957 haec
508 916 615 957 rerum
638 893 787 957 consistit
809 915 938 957 summa
960 903 1076 968 creata,

146 1059 148 1064 .
234 1006 268 1060 et
290 997 410 1062 multos
432 997 533 1062 etiam
557 1019 692 1084 magnos
714 1006 843 1061 servata
864 1019 924 1082 per
946 1019 1047 1062 annos

234 1107 272 1161 ut
295 1099 395 1163 semel
418 1099 452 1163 in
476 1108 584 1164 motus
608 1099 784 1164 coniectast
806 1099 1036 1175 convenientis,

234 1202 332 1265 efficit
355 1211 393 1266 ut
416 1204 514 1290 largis
536 1203 668 1267 avidum
692 1189 780 1266 mare
803 1203 946 1267 fluminis
969 1204 1065 1268 undis

233 1304 400 1392 integrent
421 1329 533 1371 amnes
556 1315 590 1371 et
612 1300 688 1370 solis
712 1316 798 1370 terra
822 1328 939 1392 vapore

235 1409 304 1474 fota
325 1420 423 1475 novet
445 1411 531 1476 fetus
554 1410 790 1495 summissaque
811 1432 892 1496 gens
914 1411 1121 1476 animantum

165 1573 217 1584 ,.
237 1514 350 1579 floreat
373 1527 407 1579 et
428 1515 542 1579 vivant
565 1515 712 1579 labentes
733 1514 875 1578 aetheris
897 1514 1011 1601 ignes;

235 1617 321 1702 quod
343 1617 431 1681 nullo
455 1617 597 1682 facerent
619 1625 715 1702 pacto
736 1617 801 1680 nisi
822 1617 971 1680 materiai
1023 1637 1025 1643 ’

233 1741 275 1783 ex
297 1719 425 1785 infinito
448 1718 585 1784 suboriri
606 1719 699 1804 copia
721 1728 838 1804 posset,

236 1822 322 1886 unde
345 1823 462 1887 amissa
484 1823 588 1887 solent
610 1844 758 1907 reparare
780 1822 815 1885 in
838 1829 983 1906 tempore
1006 1844 1162 1909 quaeque.

235 1948 312 1989 nam
336 1927 437 1990 veluti
459 1926 588 2010 privata
610 1925 682 1990 cibo
704 1934 823 1989 natura
844 1925 1051 1989 animantum

234 2028 356 2092 diffluit
377 2029 533 2094 amittens
555 2050 678 2114 corpus,
701 2027 747 2093 sic
768 2028 878 2092 omnia
892 2026 1028 2103 *debent

236 2132 369 2197 dissolui
391 2132 488 2196 simul
510 2154 548 2196 ac
570 2131 689 2197 defecit
710 2131 920 2217 suppeditare

151 2235 392 2336 *materies
413 2235 523 2321 aliqua
546 2235 673 2299 ratione
694 2256 807 2299 aversa
829 2207 928 2344 viail

235 2360 295 2403 neo
318 2339 432 2426 plagae
455 2348 592 2425 possunt
614 2337 815 2404 extrinsecus
838 2337 982 2424 undique
1004 2360 1164 2402 summam

175 2439 178 2445 ⁴
238 2465 425 2508 conservare
447 2466 576 2508 omnem
599 2465 823 2529 quaecumque
846 2451 896 2507 est
918 2423 1121 2521 conciliatal

237 2547 353 2612 cudere
377 2548 464 2611 enim
487 2548 598 2612 crebro
621 2556 757 2634 possunt
779 2556 971 2633 partemque
994 2548 1119 2625 morari,

143 2705 210 2727 Ὦ
238 2651 317 2715 dum
340 2652 472 2716 veniant
494 2652 578 2716 aliae
600 2674 637 2716 ac
660 2651 805 2737 suppleri
826 2673 955 2715 summa
976 2661 1124 2736 queatur.
1205 2640 1207 2642 ’

236 2754 401 2819 interdum
424 2755 547 2819 resilire
570 2762 681 2820 tamen
703 2763 864 2840 coguntur
887 2764 920 2820 et
943 2779 1008 2820 una

235 2859 402 2943 principiis
423 2881 533 2923 rerum
558 2859 702 2944 spatium
725 2868 920 2945 tempusque
943 2861 1033 2947 fugai

235 2961 354 3047 largiri,
376 2970 415 3025 ut
437 2962 563 3047 possint
586 2984 606 3025 a
628 2970 723 3027 coetu
748 2963 850 3028 libera
873 2948 978 3072 ferril

235 3086 333 3148 quare
357 3065 457 3128 etiam
480 3072 579 3150 atque
601 3065 701 3130 etiam
725 3066 863 3130 suboriri
885 3069 991 3131 multa
1012 3077 1182 3144 necessest,

236 3176 270 3231 et
292 3175 403 3231 tamen
425 3176 463 3231 ut
485 3167 601 3254 plagae
623 3190 751 3254 quoque
774 3169 898 3253 possint
920 3178 1098 3254 suppetere
1120 3170 1218 3256 ipsae,
1276 3186 1358 3251 1050

235 3271 365 3335 infinita
386 3293 467 3356 opus
489 3279 539 3336 est
561 3271 610 3336 vis
633 3270 777 3356 undique
801 3272 957 3337 materiei.

281 3375 367 3439 Illud
389 3376 424 3439 in
447 3375 498 3439 his
519 3375 617 3440 rebus
640 3376 734 3463 longe
758 3377 834 3463 fuge
856 3377 993 3452 credere,
1018 3378 1162 3454 Memmi,

235 3479 272 3543 in
294 3478 438 3543 medium
460 3500 615 3556 summac,
637 3480 723 3565 quod
746 3482 869 3558 dicunt,
892 3482 999 3545 omnia
1021 3483 1094 3560 niti,

235 3591 334 3668 atque
357 3582 429 3646 ideo
452 3581 566 3646 mundi
587 3591 739 3648 naturam
762 3595 847 3649 stare
869 3585 939 3649 sine
962 3586 1037 3650 ullis

234 3685 355 3750 ictibus
376 3686 519 3750 externis
541 3707 647 3770 neque
669 3709 833 3773 quoquam
855 3710 948 3775 posse
971 3690 1087 3754 resolvi
1277 3706 1354 3774 1055

151 3952 221 4002 what
232 3952 266 4002 he
277 3953 299 4002 is
312 3952 400 4013 taking
411 3953 477 4000 from
491 3952 587 4002 others.
699 3956 763 4004 1028
774 3971 856 4004 rerum
869 3955 950 4004 Faber
961 3954 1014 4005 and
1026 3957 1111 4006 Bentl.
1124 3957 1190 4005 from
1203 3972 1219 4004 v
1232 3958 1279 4007 194
1290 3962 1359 4006 most

147 4032 245 4096 rightly
257 4034 296 4082 lor
307 4036 385 4082 rebus.
486 4035 737 4098 10333ummissaque
749 4035 825 4084 Pont.
838 4036 901 4086 Mar.
916 4037 1202 4101 luntforcummaque.
1295 4040 1358 4088 1034

148 4117 252 4165 Floreat
263 4115 330 4165 Flor.
346 4118 377 4164 31
390 4115 479 4165 (lamb.
492 4120 539 4166 etc.
554 4117 594 4165 lor
599 4119 717 4179 floreant.
821 4119 884 4168 1040
895 4122 1009 4169 Discolor·
1022 4121 1093 4169 Nicc.
1105 4122 1128 4171 B
1142 4135 1207 4169 corr.
1221 4121 1260 4170 lor
1271 4123 1355 4170 Disso-

149 4197 206 4246 1011.
304 4198 366 4246 1041
378 4197 544 4246 viachorr.
557 4197 634 4260 vulgo
646 4198 686 4247 for
696 4201 749 4247 vic.
783 4202 873 4263 viaque
884 4201 980 4252 Lech:
998 4201 1044 4251 but
1055 4192 1155 4251 rarioris
1167 4204 1260 4264 viaque
1272 4203 1357 4264 surely

150 4292 240 4328 means
260 4279 307 4341 ‘by
324 4280 430 4330 method
447 4280 499 4330 end
516 4283 640 4343 system¹:
664 4296 706 4331 see
723 4282 776 4332 Cic.
793 4282 885 4333 defin.
902 4300 911 4332 1
929 4287 961 4335 29
977 4293 1006 4334 ut
1023 4288 1121 4335 ratione
1138 4293 1163 4334 et
1179 4288 1224 4334 via
1237 4287 1357 4348 procedat

148 4364 239 4411 oratio.
302 4362 364 4413 1047
376 4365 516 4426 Principiis
529 4363 593 4414 Mar.
605 4363 682 4415 lunt.
693 4363 733 4413 for
742 4367 905 4427 praccipium.
968 4368 1030 4417 1061
1043 4369 1079 4416 Et
1090 4369 1179 4416 simili.
1191 4366 1271 4416 Laeli.
1283 4366 1358 4416 reads
