3008 4800
263 387 343 450 quos
365 363 474 428 miseri
496 363 642 439 credunt,
665 363 768 447 ignari
791 361 871 448 quid
894 371 992 448 queat
1015 385 1092 440 esse,

263 469 342 554 quid
365 475 515 553 nequeat,
537 466 632 531 finita
653 476 798 551 potestas
820 466 959 552 denique
981 467 1099 551 cuique

263 594 403 657 quanam
427 572 470 634 sit
493 569 612 634 rationi
633 578 732 655 atque
755 570 821 634 alte
844 572 1001 635 terminus
1024 571 1180 651 haerens;

264 699 327 763 quo
350 677 454 760 magis
476 684 620 740 errantes
642 697 736 739 caeca
758 676 883 739 ratione
907 648 1076 776 feruntur]

263 802 346 864 quae
370 778 432 842 nisi
453 776 579 862 respuis
602 799 642 840 ex
664 777 772 840 animo
794 777 953 863 longeque
975 779 1118 843 remittis

263 883 313 947 dis
335 882 469 967 indigna
491 890 608 966 putare
630 881 800 966 alienaque
822 883 911 966 pacis
932 904 1051 960 eorum,

262 986 407 1051 delibata
429 985 528 1050 deum
550 1006 609 1069 per
631 993 664 1049 te
688 984 750 1049 tibi
772 986 908 1050 numina
928 994 1040 1051 sancta

262 1111 358 1174 saepe
380 1089 520 1152 oberunt
534 1107 543 1163 ;·
571 1108 636 1151 non
659 1109 722 1172 quo
744 1088 857 1151 violari
878 1111 1006 1153 summa
1026 1089 1124 1154 deum
1148 1092 1196 1156 vis

263 1190 374 1277 possit,
397 1197 435 1253 ut
457 1211 497 1254 ex
519 1189 567 1251 ira
588 1209 708 1274 poenas
730 1196 842 1273 petere
865 1190 994 1255 inbibat
1015 1193 1105 1268 acris,

261 1296 319 1362 sed
341 1295 419 1381 quia
440 1301 513 1358 tute
537 1292 599 1356 tibi
621 1290 749 1378 placida
770 1315 844 1357 cum
867 1315 945 1378 pace
968 1295 1094 1379 quietos

224 1432 242 1466 a
262 1399 439 1465 constitues
462 1417 595 1480 magnos
616 1394 738 1460 irarum
761 1396 888 1461 volvere
910 1397 1038 1475 fluctus,

261 1526 321 1568 nec
343 1501 478 1566 delubra
500 1498 598 1562 deum
621 1491 747 1582 placido
770 1521 844 1563 cum
867 1507 996 1584 pectore
1018 1502 1131 1578 adibis

260 1630 320 1672 nec
341 1605 382 1670 de
404 1623 535 1687 corpore
557 1622 641 1686 quae
662 1608 773 1665 sancto
796 1602 967 1666 simulacra
988 1603 1137 1669 feruntur

260 1711 295 1775 in
317 1716 444 1773 mentes
467 1703 634 1769 hominum
658 1703 787 1769 divinae
809 1705 927 1769 nuntia
948 1706 1077 1784 formae,

260 1813 421 1899 suscipere
444 1810 523 1875 haec
545 1808 647 1893 animi
670 1809 848 1894 tranquilla
869 1832 948 1894 pace
969 1775 1125 1903 valebisl

261 1917 336 1983 inde
358 1915 468 1980 videre
491 1913 567 1978 licet
589 1913 695 1998 qualis
717 1912 783 1977 iam
805 1914 875 1978 vita
896 1901 1078 2020 sequatur}

260 2044 359 2110 quam
382 2018 516 2105 quidem
539 2026 578 2081 ut
600 2038 620 2080 a
641 2015 734 2081 nobis
755 2013 839 2081 ratio
861 2018 1028 2083 verissima
1048 2020 1142 2105 longe

258 2123 381 2201 reiciat,
403 2142 600 2207 quamquam
623 2127 701 2183 sunt
723 2143 743 2183 a
766 2143 818 2185 me
840 2121 948 2186 multa
968 2123 1122 2208 profecta,

258 2231 363 2296 multa
385 2237 496 2293 tamen
518 2234 643 2290 restant
666 2235 700 2290 ct
722 2233 800 2290 sunt
823 2226 966 2294 ornanda
986 2226 1097 2312 politis

257 2333 422 2410 versibus3
451 2338 501 2396 est
523 2329 606 2393 ratio
629 2328 711 2393 caeli
732 2328 915 2415 speciesque
937 2330 1087 2408 tenenda,

257 2446 335 2504 sunt
357 2441 569 2520 tempestates
592 2441 626 2496 et
648 2432 785 2496 fulmina
807 2433 892 2497 clara
915 2433 1067 2510 canenda,

256 2540 334 2628 quid
357 2537 478 2604 faciant
500 2545 534 2600 et
557 2557 621 2621 qua
643 2535 683 2600 de
705 2557 802 2600 causa
823 2557 962 2621 cumque
984 2536 1146 2618 ferantur3

256 2667 298 2709 ne
321 2640 464 2727 trepides
486 2637 568 2703 caeli
591 2637 704 2702 divisis
725 2638 875 2724 partibus
898 2661 1018 2714 amens,

256 2746 342 2812 unde
364 2745 475 2808 volans
497 2741 582 2826 ignis
605 2741 790 2826 pervenerit
813 2750 871 2806 aut
895 2742 930 2806 in
954 2752 1060 2806 utram
1082 2766 1117 2808 se

257 2848 391 2915 verterit
413 2846 490 2911 hinc
513 2845 644 2930 partim,
667 2867 730 2931 quo
752 2854 848 2931 pacto
872 2869 929 2932 per
951 2847 1019 2910 loca
1041 2855 1157 2932 saepta

256 2950 438 3025 insinuarit,
463 2956 496 3013 et
519 2947 596 3011 hinc
618 2947 804 3013 dominatus
829 2958 865 3013 ut
888 2950 1042 3014 extulerit
1064 2972 1107 3014 se.

256 3065 293 3120 tu
317 3052 399 3117 mihi
420 3073 590 3136 supremae
613 3052 811 3136 praescribta
833 3053 876 3116 ad
898 3052 1035 3117 candida
1058 3053 1153 3117 calis

258 3155 401 3222 currenti
423 3153 566 3239 spatium
589 3148 818 3239 praemonstra,
841 3156 956 3220 callida
978 3178 1070 3220 musa

256 3259 411 3344 Calliope,
432 3257 560 3343 requies
582 3258 752 3323 hominum
775 3260 947 3347 divomque
970 3262 1129 3347 voluptas,

167 3447 212 3497 the
229 3444 332 3506 margin
350 3443 379 3491 in
394 3440 437 3490 his
455 3440 531 3490 usual
548 3440 660 3492 fashion.
779 3443 812 3492 68
830 3445 947 3507 longeque
964 3443 1034 3494 Nico.
1052 3444 1092 3494 for
1109 3447 1234 3508 longique.
1267 3449 1379 3497 remittis

167 3522 631 3576 11101.3101111111.Β1111.1οῐνιηι1“111“.
738 3526 769 3576 71
786 3528 891 3575 oberunt
903 3526 977 3576 Wak.
990 3527 1152 3577 foroderunt.
1186 3531 1295 3580 aderunt
1307 3531 1375 3581 Mar.

166 3607 223 3656 Ald.
237 3608 251 3655 1
263 3606 336 3655 Junt.
351 3604 443 3654 Lamb.
457 3607 505 3654 ets.
607 3605 734 3654 ‘laesere
745 3605 811 3656 Mar.
823 3606 881 3657 Ald.
895 3608 909 3655 1
921 3607 994 3656 Junt.
1007 3607 1047 3656 for
1058 3611 1135 3658 exire.
1235 3612 1267 3661 73
1276 3614 1375 3672 quietos

168 3689 234 3738 Mar.
247 3689 320 3737 Junt.
333 3687 492 3748 ictusictus.
592 3687 625 3737 74
635 3687 731 3747 flnctus
742 3687 812 3736 Flor.
824 3689 855 3737 31
868 3688 933 3737 Mar.
945 3688 1002 3737 Ald.
1016 3691 1029 3738 1
1041 3689 1116 3738 June.
1128 3690 1259 3752 forfletus.

200 3770 231 3822 76
243 3772 365 3833 seruntur
374 3766 446 3815 Brix.
457 3765 516 3814 Ald.
529 3767 543 3814 l
556 3765 629 3815 Junt.
643 3765 700 3829 (not
711 3766 787 3816 Pont.
800 3783 830 3817 or
841 3769 918 3833 Mar.)
931 3769 1092 3832 forfaerunt.
1121 3772 1211 3834 femus
1224 3771 1281 3823 Ver.
1297 3773 1363 3823 Ven.

200 3854 232 3902 83
254 3857 313 3901 suut
323 3851 447 3900 mmndc.
480 3854 540 3897 sunt
551 3852 676 3898 ernanus
687 3849 757 3898 Flor.
770 3852 800 3899 31
812 3851 925 3901 Politian
936 3851 965 3900 in
975 3866 1056 3914 marg.
1069 3852 1138 3901 Flor.
1152 3854 1191 3904 29.

198 3932 230 3980 83
249 3936 287 3979 est
296 3930 365 3978 ratio
376 3930 443 3977 caeli
456 3928 543 3992 (caelis
554 3927 636 3992 Brix.)
649 3931 791 3991 speciesque
803 3933 910 3980 terwrrdc
921 3931 992 3979 Brix.
1003 3930 1099 3980 Arane.
1108 3929 1200 3982 Lamb.
1211 3931 1249 3982 sd
1266 3932 1280 3980 1
1292 3934 1348 3983 and
1359 3937 1375 3983 2

165 4013 206 4062 for
220 4020 256 4063 est
270 4014 338 4061 ratio
353 4012 479 4073 coelisque
495 4011 617 4060 amaa:
635 4011 679 4060 tha
695 4011 777 4060 scriba
792 4011 903 4061 omitted
918 4015 997 4074 specie
1015 4013 1124 4062 because
1138 4014 1167 4063 of
1182 4013 1227 4063 the
1241 4015 1377 4081 following

166 4099 257 4153 scaete.
293 4097 330 4139 eat
341 4092 410 4138 ratio
416 4089 537 4151 fulcardi
547 4090 632 4154 utsqm
645 4091 751 4139 wnundi
762 4090 842 4139 Lach.
849 4089 933 4138 which
944 4105 1026 4139 seems
1038 4093 1065 4138 to
1077 4105 1119 4140 me
1127 4096 1197 4141 most
1205 4091 1376 4155 improbable.

165 4181 202 4223 est
212 4175 281 4222 ratio
291 4187 407 4236 supenm
417 4173 530 4235 coelique
541 4171 611 4222 nior.
624 4173 655 4221 al
668 4171 759 4222 (lamb.
770 4174 786 4221 2
797 4172 857 4222 Vat.
869 4172 957 4223 Lamb.
970 4172 1010 4220 cd.
1022 4174 1045 4222 3.
1174 4175 1272 4225 85-89
1289 4176 1373 4230 Lach.

163 4253 318 4306 enclosesin
329 4257 340 4318 [
352 4257 370 4317 ].
513 4256 545 4306 90
562 4255 660 4306 91:56
677 4256 753 4307 57=1
770 4257 818 4304 153
835 4257 897 4304 154:
915 4270 956 4304 sea
973 4255 1058 4306 above.
1096 4255 1176 4306 bach.
1188 4256 1288 4306 admits
1301 4259 1377 4311 them

162 4336 230 4387 here.
306 4337 337 4388 92
350 4338 384 4385 ccl
393 4337 505 4386 eandida
515 4338 594 4386 culcis
605 4335 697 4386 Lamb.
709 4336 762 4386 and
773 4336 910 4387 Turnebus
921 4337 961 4386 for
972 4352 1001 4386 ac
1013 4337 1126 4385 candida
1137 4338 1226 4389 mltis:
1244 4353 1260 4388 a
1272 4342 1375 4392 certain
