3008 4800
724 175 774 256 r'v

234 379 318 441 quae
340 357 463 422 feriunt
486 355 652 418 oculorum
675 352 760 416 acies
784 352 956 437 visumque
979 314 1160 446 lacessunt!

235 458 436 522 errabundus
459 457 547 520 enim
571 455 663 518 tarde
688 455 779 518 venit
802 477 840 518 ac
863 455 948 539 perit
970 464 1046 518 ante

234 562 392 647 paulatim
416 560 520 623 facilis
543 559 715 622 distractus
739 559 773 621 in
795 558 879 622 aeris
901 580 1013 635 auras;

235 688 274 729 ex
298 667 364 729 alto
387 665 530 748 primum
553 663 631 747 quia
653 663 708 725 vix
731 662 897 725 emittitur
920 684 959 725 ex
982 684 1034 725 re:

235 791 310 831 nam
333 768 466 852 penitus
489 766 589 830 fluere
612 774 711 850 atque
735 763 883 828 recedere
906 764 1002 827 rebus
1025 764 1136 828 odores

235 869 397 956 significat
420 869 506 954 quod
530 869 633 932 fracta
654 867 758 954 magis
781 866 924 931 redolere
948 867 1098 930 videntur

236 972 352 1048 omnia,
375 972 462 1057 quod
484 971 634 1048 contrita,
658 969 744 1056 quod
767 969 838 1055 igni
861 969 1099 1033 conlabefacta:

235 1074 352 1138 deinde
375 1075 485 1138 videre
508 1074 585 1138 licet
608 1073 785 1137 maioribus
807 1093 877 1136 esse
900 1080 1046 1136 creatum

235 1177 403 1262 principiis
426 1199 525 1262 quam
548 1198 619 1251 vox,
642 1174 796 1260 quoniam
819 1196 877 1259 per
899 1197 995 1238 saxea
1017 1182 1130 1259 saepta

235 1302 300 1344 non
322 1288 483 1365 penetrat,
506 1301 571 1365 qua
593 1301 655 1342 vox
678 1279 771 1363 volgo
794 1277 985 1362 sonitusque
1007 1241 1172 1378 feruntur(

235 1406 334 1468 quare
356 1385 458 1448 etiam
481 1382 568 1467 quod
590 1381 657 1446 olet
679 1404 744 1446 non
767 1391 837 1445 tarn
861 1381 954 1446 facile
977 1403 1046 1445 esse
1069 1381 1192 1446 videbis

236 1485 432 1572 investigare
454 1486 490 1550 in
512 1508 578 1571 qua
600 1485 644 1549 sit
667 1485 798 1571 regione
820 1484 981 1564 locatum3

213 1589 413 1678 refrigescit
436 1589 524 1654 enim
547 1587 730 1652 cunctando
753 1586 851 1672 plaga
872 1609 930 1672 per
952 1608 1046 1650 auras

236 1711 295 1752 noc
318 1688 422 1753 calida
444 1689 487 1752 ad
509 1709 641 1752 sensum
663 1687 841 1751 decurrunt
863 1685 982 1750 nuntia
1003 1708 1118 1750 rerum.

236 1798 344 1854 errant
367 1813 464 1877 saepe
486 1811 582 1854 canes
605 1789 717 1873 itaque
740 1796 775 1852 et
798 1787 937 1874 vestigia
959 1762 1150 1889 quaerunt}

280 1893 365 1976 [Nec
388 1902 500 1970 tamen
523 1891 583 1956 hoc
605 1891 680 1956 solia
703 1891 739 1954 in
761 1891 913 1956 odoribus
935 1899 1033 1976 atque
1055 1914 1204 1977 saporum

235 1996 269 2059 in
291 2006 450 2082 generest,
473 1995 634 2060 seditem
657 1995 781 2080 species
803 2017 912 2058 rerum
935 2006 1033 2082 atque
1055 1997 1173 2061 colores

234 2123 299 2164 non
322 2100 369 2164 ita
391 2099 590 2164 conveniunt
612 2099 654 2163 ad
676 2121 790 2164 sensus
812 2099 963 2164 omnibus
985 2123 1104 2178 omneS,

235 2211 274 2267 ut
297 2225 361 2266 non
384 2203 451 2267 sint
474 2202 547 2266 aliis
569 2202 730 2286 quaedam
753 2202 857 2287 magis
879 2204 966 2266 acria
988 2189 1093 2368 mi

235 2304 438 2389 quinetiam
461 2304 593 2390 gallum,
617 2313 745 2368 noctem
769 2304 1041 2390 explaudentibus
1063 2305 1122 2370 ais

233 2431 380 2473 auroram
404 2409 490 2473 clara
511 2417 703 2473 consuetum
728 2430 804 2472 voce
830 2431 951 2486 vocare,

235 2535 342 2577 noenu
365 2522 491 2598 queunt
513 2511 619 2576 rabidi
642 2520 756 2576 contra
777 2522 925 2577 constare
947 2513 1053 2576 leones

234 2616 333 2702 inque
356 2617 460 2681 tueri:
490 2615 539 2680 ita
560 2616 715 2679 continuo
739 2615 915 2679 meminere
938 2616 1035 2702 fugai,

234 2721 389 2786 nimirum
412 2720 491 2806 quia
512 2729 591 2784 sunt
612 2719 773 2806 gallorum
795 2719 831 2783 in
852 2742 982 2805 corpore
1004 2721 1161 2806 quaedam

234 2826 366 2904 semina,
388 2848 473 2910 quae
496 2847 570 2889 cum
593 2833 671 2890 sunt
695 2825 796 2890 oculis
818 2826 952 2890 inmissa
973 2826 1110 2903 leonum,

234 2929 375 3015 pupillas
397 2928 614 2993 interfodiunt
637 2952 809 3014 acremque
831 2929 974 2995 dolorem

167 3058 169 3060 ·
235 3032 400 3116 praebent,
424 3039 463 3094 ut
486 3040 651 3116 nequeant
673 3040 785 3096 contra
807 3031 924 3096 durare
947 3033 1084 3112 feroces3

233 3157 308 3200 cum
331 3147 442 3200 tamen
466 3136 545 3199 haec
567 3143 696 3199 nostras
718 3135 803 3199 acies
825 3136 872 3199 nil
896 3136 1021 3201 laedere
1044 3137 1175 3222 possint,

232 3248 291 3304 aut
313 3233 391 3324 quia
413 3262 478 3304 non
500 3230 758 3325 penetrantaut
781 3241 867 3325 quod
890 3241 1136 3326 penetrantibus
1158 3241 1222 3306 illis

234 3343 342 3406 exitus
364 3364 404 3406 ex
427 3344 528 3407 oculis
552 3343 633 3408 liber
655 3344 761 3420 datur,
785 3344 819 3407 in
841 3344 1030 3407 remorando
1289 3361 1352 3425 720

234 3446 360 3510 laedere
383 3469 424 3510 ne
448 3446 573 3531 possint
597 3470 636 3511 ex
661 3447 728 3511 ulla
751 3447 877 3511 lumina
899 3422 1041 3552 partess

215 3585 218 3588 ⁴
278 3549 376 3613 Nunc
398 3572 459 3635 age
483 3572 566 3634 quae
590 3558 742 3614 moveant
764 3551 912 3613 animum
934 3573 984 3614 res
1006 3550 1122 3635 accipe,
1145 3559 1178 3615 et
1200 3551 1286 3616 unde

235 3675 318 3737 quae
340 3653 478 3717 veniunt
501 3653 635 3717 veniant
658 3653 693 3717 in
716 3661 861 3718 mentem
885 3654 1012 3738 percipe
1035 3626 1176 3754 paucisti

234 3755 391 3840 principio
415 3755 476 3819 hoc
498 3755 578 3831 dico,
602 3779 710 3820 rerum
733 3755 905 3819 simulacra
928 3756 1036 3841 vagari

234 3861 338 3923 multa
361 3859 466 3923 modis
489 3860 603 3923 multis
625 3861 659 3923 in
683 3868 816 3923 cunctas
838 3860 982 3944 undique
1005 3859 1106 3945 partis
1288 3875 1348 3941 725

234 3964 353 4040 tenvia,
376 3986 460 4048 quae
484 3963 577 4027 facile
600 3963 686 4027 inter
708 3985 742 4026 se
766 3964 948 4049 iunguntur
970 3963 1004 4026 in
1025 3964 1120 4038 auria,

234 4068 328 4132 obvia
351 4090 424 4132 cum
449 4068 595 4144 veniunt,
620 4077 656 4132 ut
679 4090 798 4132 aranea
819 4068 1012 4153 bratteaque
1034 4068 1112 4131 auri.
1134 4037 1142 4198 1

147 4265 221 4313 Dicit
232 4262 313 4312 Lach.
326 4262 437 4324 without
449 4278 534 4313 cause.
668 4264 840 4316 69sscrcatum
851 4265 917 4314 Mar.
929 4264 1003 4313 Junt.
1015 4265 1182 4314 fororeotom.
1303 4265 1352 4316 699

145 4361 288 4410 quomvoa.
321 4346 542 4399 vociLamb.eto.
557 4346 709 4410 perversely.
813 4349 861 4398 712
872 4350 958 4398 rabidi
970 4347 1042 4396 Wak.
1055 4348 1094 4398 for
1106 4349 1200 4410 rapidi.
1304 4350 1351 4400 719
