3008 4800
710 202 760 266 VI

225 363 368 428 maxima
389 384 472 449 quae
497 361 581 427 vidit
603 363 750 447 quisque,
774 363 854 427 haec
877 364 1028 451 ingentia
1049 365 1151 450 fingit,

224 488 299 530 cum
322 475 433 530 tamen
454 464 564 528 omnia
586 486 661 527 cum
684 465 772 529 caelo
796 473 949 551 terraque
971 467 1052 530 mari
1075 490 1116 532 ue

225 570 271 633 nil
293 569 359 633 sint
381 569 422 632 ed
445 590 605 631 summam
628 569 769 631 summai
795 569 897 633 totius
919 489 1073 663 omnem]

270 668 367 736 Nunc
389 680 500 735 tamen
522 671 580 734 illa
601 671 706 735 modis
729 672 848 756 quibus
871 672 1007 738 inritata
1029 685 1162 760 repente

225 776 356 839 flamma
378 775 461 837 foras
484 772 583 836 vastis
607 772 735 837 Aetnae
759 774 942 839 fornacibus
965 777 1062 853 efflet,

226 877 404 963 expediam.
450 875 593 959 primum
617 875 721 940 totius
744 877 887 940 subcava
910 879 1031 943 montis

225 988 276 1045 est
297 987 423 1056 natura,
446 979 511 1042 fere
533 977 662 1042 silicum
686 979 823 1043 suffulta
845 958 1021 1076 cavernis}

224 1082 374 1147 omnibus
396 1088 447 1144 est
469 1102 562 1166 porro
585 1080 620 1144 in
642 1081 808 1166 speluncis
830 1091 949 1148 ventus
972 1093 1006 1148 et
1029 1107 1103 1164 aer3

225 1196 343 1252 ventus
366 1187 453 1250 enim
476 1185 523 1262 fit,
546 1186 604 1251 ubi
626 1194 678 1250 est
700 1187 856 1273 agitando
879 1190 1022 1274 percitus
1045 1159 1123 1286 aeni

226 1289 280 1354 hic
302 1289 359 1353 ubi
381 1288 540 1374 percaluit
562 1289 776 1374 calefecitque
798 1291 909 1355 omnia
931 1292 1052 1357 circum

223 1417 301 1459 saxa
322 1395 444 1470 furens,
467 1415 531 1479 qua
553 1393 725 1479 contingit,
747 1403 942 1482 terramque,
965 1405 999 1461 et
1021 1398 1063 1462 ab
1084 1398 1155 1463 ollis

195 1497 369 1570 sexcussit
392 1495 533 1560 calidum
556 1495 697 1560 fiammis
719 1496 885 1581 velocibus
907 1498 1027 1585 ignem,

228 1600 315 1664 tollit
337 1620 371 1662 se
393 1598 550 1662 ocreatis
573 1598 621 1663 ita
644 1599 792 1664 faucibus
816 1601 894 1665 eicit
916 1603 991 1667 alte.

229 1703 291 1766 fert
313 1702 426 1788 itaque
448 1701 596 1765 ardorem
619 1702 715 1788 longe
737 1703 899 1789 longeque
922 1705 999 1769 favil
1012 1728 1065 1770 em

228 1806 339 1871 differt
361 1814 396 1870 et
419 1827 524 1870 crassa
548 1805 650 1871 volvit
673 1806 813 1893 caligine
835 1808 962 1872 fumum

231 1909 442 1994 extruditque
464 1909 563 1973 simul
585 1909 733 1974 mirando
756 1911 899 1995 pondere
920 1935 1015 1992 saxa余

229 2036 271 2078 ne
293 2013 424 2077 dubites
446 2012 526 2098 quin
549 2013 628 2076 haec
650 2013 773 2078 animai
796 2015 929 2080 turbida
951 2017 995 2081 sit
1017 1983 1088 2110 viel

230 2126 398 2203 praeterea
419 2138 539 2203 magna
561 2138 602 2180 ex
624 2116 711 2201 parti
733 2139 821 2182 mare
845 2119 967 2184 montis
988 2120 1031 2184 ad
1053 2121 1123 2186 eius

229 2220 352 2285 radices
375 2220 497 2306 frangit
518 2219 638 2283 fluctus
660 2229 854 2305 aestumque
877 2213 1049 2305 resorbetl

232 2347 272 2388 ex
295 2325 355 2388 hoc
377 2345 480 2408 usque
504 2322 586 2386 mari
608 2323 782 2408 speluncae
806 2326 927 2389 montis
949 2327 991 2390 ad
1013 2327 1096 2391 altas

229 2425 425 2512 perveniunt
447 2424 560 2489 subter
583 2425 700 2489 fauces.
738 2425 800 2489 hac
822 2426 870 2491 ire
893 2428 1096 2494 fatendumst

190 2646 211 2720 ><
231 2628 266 2702 et
288 2645 458 2723 penetrare
480 2636 563 2699 mari
585 2635 719 2721 penitus
740 2657 793 2700 res
815 2637 903 2721 cogit
926 2646 1038 2722 aperto

232 2750 331 2828 atque
354 2741 462 2805 efflare
485 2741 568 2805 foras
591 2741 729 2825 ideoque
753 2741 908 2806 extollere
932 2743 1096 2806 flammam

231 2867 372 2931 saxaque
394 2844 577 2909 subiectare
600 2852 634 2908 et
656 2866 773 2909 arenae
797 2845 911 2909 tollere
934 2828 1082 2923 nimbosl
1290 2863 1356 2926 700

231 2950 265 3014 in
289 2970 415 3014 summo
439 2957 518 3011 sunt
539 2947 662 3012 vertice
685 2946 774 3011 enim
797 2956 948 3025 crateres,
970 2956 1008 3012 ut
1030 2948 1094 3034 ipsi

232 3052 448 3130 nominitant余
478 3073 536 3116 nos
558 3051 645 3137 quod
669 3050 778 3115 fauces
800 3051 1011 3137 perhibemus
1034 3061 1068 3116 et
1090 3009 1174 3152 orel

275 3157 361 3222 Sunt
383 3155 508 3240 aliquot
531 3177 661 3241 quoque
683 3176 735 3219 res
758 3176 898 3240 quarum
921 3178 1020 3220 unam
1042 3155 1148 3220 dicere
1170 3178 1300 3230 causam

232 3282 297 3324 non
319 3258 398 3323 satis
421 3266 481 3334 est,
503 3280 617 3321 verum
639 3256 750 3342 pluris,
774 3257 862 3321 unde
886 3279 951 3321 une
974 3266 1085 3323 tamen
1107 3258 1168 3339 sit余

149 3545 179 3593 31
191 3541 280 3592 Gemb.
293 3555 342 3592 one
352 3541 412 3590 Vst.
424 3539 515 3589 hamb.
670 3539 718 3588 683
724 3541 781 3601 sere
792 3541 895 3588 silicum
905 3540 928 3587 A
939 3553 1003 3588 corr.
1015 3539 1085 3589 Flor.
1097 3541 1128 3588 31
1140 3540 1228 3589 (lomb.
1241 3541 1281 3590 for
1288 3543 1357 3604 feres

147 3627 190 3674 illi
201 3640 264 3675 cum.
371 3622 419 3674 687
430 3623 635 3684 eoutiuqitFlor.
648 3624 679 3671 31
692 3620 763 3672 Brix.
779 3622 845 3670 Mur.
859 3622 900 3670 for
911 3623 1027 3682 contigit.
1137 3621 1185 3672 690
1195 3624 1256 3672 Fert
1267 3625 1354 3686 itaque

148 3707 238 3757 Heius.
250 3705 280 3755 in
291 3720 340 3756 ms.
354 3709 429 3754 notes
440 3705 492 3755 and
504 3704 583 3754 Lech.
597 3705 637 3753 for
648 3706 710 3753 Fert
721 3707 799 3767 itque.
842 3705 965 3766 Fecitqoe
976 3703 1046 3752 Nico.
1091 3705 1218 3766 Vertitque
1231 3705 1265 3753 Is.
1278 3705 1352 3756 Voss.

149 3789 178 3837 in
193 3803 242 3837 me.
258 3791 340 3837 notes.
476 3785 523 3836 695
540 3789 649 3836 resorbet
664 3785 734 3835 Flor.
751 3787 783 3834 31
800 3785 890 3837 (lamb.
906 3788 921 3835 3
937 3785 996 3834 Vat.
1009 3786 1074 3836 Mar.
1089 3786 1128 3834 lor
1138 3788 1255 3836 resolvet:
1272 3801 1289 3835 3
1304 3787 1356 3836 fine

150 3869 299 3920 correction.
440 3867 488 3919 637
502 3882 543 3916 see
556 3867 645 3916 Oemb.
657 3867 749 3916 Journ.
762 3866 791 3916 oi
800 3866 866 3928 phil.
880 3881 890 3915 1
902 3882 927 3928 p.
939 3868 980 3927 40,
994 3866 1077 3915 where
1087 3866 1101 3915 I
1112 3867 1169 3916 said
1181 3867 1238 3917 that
1249 3871 1277 3917 33
1289 3867 1357 3917 13333

150 3968 199 4002 one
209 3967 281 4002 verse
292 3951 314 4000 is
326 3950 387 3999 here
402 3948 470 3999 lost:
489 3949 517 3997 in
528 3949 573 3998 the
585 3949 689 3997 smaller
700 3948 740 3998 ed.
752 3948 767 3997 I
781 3948 910 4010 proposed
925 3963 1024 3997 averse
1035 3948 1099 3997 such
1111 3964 1141 3998 ae
1153 3948 1214 4007 this,
1225 3951 1358 3999 Fluctibus

149 4038 288 4086 admixtum
306 4036 358 4082 vim
375 4035 460 4089 veutt余
484 4035 630 4093 iutrareque
650 4033 682 4080 ab
701 4033 764 4081 isto:
788 4030 874 4079 which
890 4030 944 4079 will
966 4045 1037 4079 serve
1059 4035 1086 4080 to
1104 4030 1173 4080 shew
1190 4031 1234 4081 the
1250 4032 1355 4094 general

149 4115 279 4176 meaning.
312 4113 390 4164 Lech.
405 4113 531 4176 violently
548 4111 622 4162 reads
636 4114 740 4174 penitus
753 4119 874 4175 percocta
890 4114 920 4160 in
936 4119 1050 4174 apertum
1066 4112 1106 4160 for
1119 4115 1219 4174 penitus
1235 4127 1274 4162 rer
1291 4115 1357 4174 cogit

149 4206 243 4261 operm
337 4197 384 4246 701
395 4198 486 4245 vertioe
498 4198 565 4245 enim
576 4193 688 4243 Turneb.
701 4193 801 4243 advers.
814 4207 871 4242 xxu
884 4195 924 4255 19,
937 4193 972 4243 Is.
987 4193 1061 4243 Voss.
1073 4193 1102 4242 in
1113 4209 1161 4245 ms.
1175 4199 1256 4257 notes,
1270 4197 1356 4246 Bentl.

149 4281 188 4330 lor
204 4280 333 4330 verticeru'.
370 4278 481 4327 Turneb.
494 4277 550 4326 also
566 4290 690 4340 proposes
706 4275 760 4324 and
777 4290 861 4324 seems
878 4278 905 4325 to
923 4277 1006 4338 prefer
1021 4278 1144 4338 uertiyeni
1160 4277 1245 4328 which
1262 4278 1352 4332 Lemb.

147 4360 396 4424 ed.3edoptstrom
407 4359 471 4409 him.
504 4361 597 4409 vertice
611 4360 672 4408 item
684 4357 749 4408 Mer.
762 4357 936 4408 Alleunt.
1038 4359 1171 4421 roeqnod.
1205 4376 1268 4423 quor
1280 4363 1356 4414 Pont.

1167 4446 1272 4508 lit-2
