3008 4800
751 226 787 291 ΙΙ

252 394 392 458 adsimili
415 393 540 458 ratione
562 393 642 456 alias
664 402 702 457 ut
725 395 868 478 postulet
890 394 975 470 ordo,

253 498 281 562 si
305 507 342 563 tu
366 499 447 562 forte
471 498 558 561 voles
579 497 680 561 etiam
702 498 825 562 variare
847 465 996 592 figuras}

253 623 328 687 ergo
352 601 525 664 formarum
549 599 728 663 novitatem
750 600 890 684 corporis
911 623 1051 686 augmen

254 677 491 800 subsequitur}
513 724 612 788 quare
636 725 700 766 non
723 711 774 766 est
796 711 834 766 ut
856 703 984 767 credere
1006 705 1108 788 possis

254 830 322 874 esse
345 808 483 872 infinitis
505 807 662 871 distantia
683 806 807 870 semina
829 806 946 882 formis,

255 933 296 974 ne
317 910 478 994 quaedam
501 929 595 994 cogas
618 908 742 971 inmani
765 906 969 971 maximitate

255 1035 333 1090 esse,
355 1034 454 1097 supra
475 1010 562 1096 quod
584 1010 649 1074 iam
671 1010 766 1074 docui
789 1031 854 1072 non
875 1031 967 1094 posse
990 973 1141 1127 probari(

255 1117 321 1180 iam
343 1114 406 1178 tibi
427 1113 612 1178 barbaricae
636 1121 743 1176 vestes
765 1111 988 1196 Meliboeaque
1010 1112 1138 1197 fulgens

257 1241 399 1305 purpura
420 1217 604 1282 Thessalico
625 1217 818 1280 concharum
841 1224 929 1280 tacta
951 1216 1053 1281 colore

256 1447 355 1490 aurea
376 1447 538 1510 pavonum
560 1423 682 1488 ridenti
705 1423 834 1487 imbuta
855 1423 962 1508 lepore

258 1529 372 1604 saecla,
393 1550 476 1592 novo
497 1550 606 1592 rerum
628 1535 781 1612 superata
802 1525 905 1590 colore
928 1527 1071 1591 iacerent
1104 1547 1107 1551 ·

258 1640 293 1696 et
314 1638 522 1716 contemptus
544 1629 622 1693 odor
642 1652 792 1714 smyrnae
815 1630 983 1716 mellisque
1004 1652 1141 1715 sapores,

259 1742 294 1799 et
315 1755 435 1818 cycnea
456 1733 540 1797 mele
563 1732 776 1818 Phoebeaque
798 1733 933 1797 daedala
953 1733 1081 1797 chordis
1124 1801 1127 1806 ,

260 1838 402 1901 carmina
423 1836 583 1901 consimili
605 1836 730 1900 ratione
752 1858 904 1921 oppressa
925 1837 1075 1900 silerent·

260 1961 400 2024 namque
422 1938 495 2002 aliis
516 1938 604 2002 aliud
627 1939 847 2023 praestantius
868 1887 1076 2036 exoreretur.l

261 2044 372 2108 cedere
395 2043 476 2108 item
498 2051 584 2107 retro
605 2055 738 2128 possent
760 2043 795 2106 in
817 2042 992 2107 deteriores

261 2146 370 2210 omnia
391 2145 437 2210 sic
458 2145 570 2231 partis,
591 2155 631 2209 ut
652 2144 796 2209 diximus
817 2145 852 2207 in
874 2144 1033 2222 melioris;

262 2272 401 2335 namque
423 2249 497 2314 aliis
517 2249 607 2314 aliud
629 2258 716 2314 retro
738 2271 867 2334 quoque
888 2248 1027 2313 taetrius
1049 2257 1135 2312 esset

264 2353 395 2416 naribus
416 2351 550 2416 auribus
571 2361 671 2436 atque
693 2351 794 2416 oculis
815 2347 942 2436 orisque
964 2331 1093 2456 saporil

264 2477 346 2541 quae
369 2455 523 2541 quoniam
546 2477 611 2518 non
633 2465 719 2531 sunt,
741 2456 796 2520 sed
818 2456 915 2520 rebus
936 2456 1065 2521 reddita
1086 2465 1175 2520 certa

264 2550 524 2645 finis'utrimque
546 2569 638 2624 tenet
660 2583 831 2635 summam,
854 2561 975 2626 fateare
997 2570 1158 2626 necessest

264 2665 433 2728 materiem
455 2687 584 2750 quoque
606 2664 709 2729 finitis
731 2665 860 2730 differre
882 2631 1021 2754 figurisl

264 2768 403 2853 denique
425 2768 467 2833 ab
490 2768 622 2854 ignibus
643 2768 685 2832 ad
706 2769 832 2855 gelidas
853 2769 917 2833 iter
938 2790 1042 2853 usque
1064 2769 1197 2853 pruinas

264 2871 428 2935 finitumst
449 2880 599 2955 retroque
622 2871 693 2956 pari
714 2872 840 2936 ratione
861 2880 1097 2949 remensumst;

264 2975 368 3037 omnis
390 2974 477 3038 enim
499 2974 586 3038 calor
607 2997 645 3038 ac
667 2974 770 3060 frigus
792 2975 956 3060 mediique
978 2987 1106 3059 tepores

266 3078 508 3164 interutrasque
530 3079 638 3142 iacent
660 3079 829 3163 explentes
851 3079 963 3143 ordine
985 3049 1180 3192 summaml

259 3204 342 3268 ergo
364 3181 459 3245 finita
480 3181 605 3245 distant
626 3181 753 3245 ratione
775 3192 891 3257 creata,

176 3360 284 3421 femina.
388 3359 550 3420 esspmom·
560 3358 731 3410 Alerunu
746 3359 787 3409 for
794 3361 910 3424 probare.
943 3375 994 3409 esse
1001 3360 1109 3422 probare
1120 3358 1187 3408 Mer.
1294 3355 1389 3405 501:1

182 3440 277 3490 believe
288 3455 305 3489 a
315 3453 387 3489 verse
396 3440 421 3488 is
431 3439 494 3489 herc
504 3439 556 3490 lost
567 3441 597 3490 of
605 3441 661 3490 this
671 3447 766 3492 nature
777 3451 802 3493 et
813 3459 873 3506 quior
881 3445 1015 3492 mundent
1023 3445 1052 3492 in
1061 3444 1123 3492 colis
1134 3443 1187 3491 luce
1195 3442 1295 3490 colores.
1319 3447 1389 3489 tacta

182 3521 262 3572 [coh.
274 3523 340 3571 ulter
351 3521 509 3585 Oudendorp
520 3521 611 3572 Lucan
622 3537 639 3572 x
650 3525 698 3575 4⁹1
710 3525 751 3574 for
763 3533 838 3574 tacto.
872 3528 953 3576 tincto
964 3526 1038 3575 Junt.
1049 3525 1119 3587 vulg.
1235 3523 1283 3572 500
1293 3523 1389 3570 ridenti

182 3606 225 3654 Fr.
244 3604 355 3654 Medices
376 3604 417 3653 for
438 3607 523 3654 fidem
544 3604 599 3654 end
620 3608 669 3656 503
691 3622 754 3656 occo
777 3608 818 3657 lor
838 3624 911 3658 nova.
946 3612 1041 3669 Aurea,
1059 3623 1085 3670 p.
1102 3608 1198 3656 fidenti
1219 3607 1323 3654 inimic
1339 3606 1389 3653 etc.

183 3687 277 3737 Laclu:
294 3686 386 3736 Iasmb.
403 3685 457 3735 md
472 3686 541 3748 vulg.
557 3686 615 3736 edd.
633 3696 658 3737 et
674 3693 703 3738 at
719 3689 770 3738 end
786 3690 816 3739 of
828 3692 885 3740 501.
984 3691 1032 3740 503
1049 3691 1148 3740 steca.
1181 3689 1262 3752 Peplc
1278 3686 1306 3736 P.
1326 3686 1391 3737 Bur·

183 3783 264 3818 mann
280 3767 355 3816 Wak.
458 3767 507 3816 504
522 3769 560 3815 Et
575 3775 729 3831 contemptus
745 3772 806 3819 odor
822 3771 891 3821 Flor.
911 3773 943 3820 31
960 3771 1051 3821 (tamb.
1067 3770 1139 3820 Βάκ.
1157 3769 1222 3819 Ven.
1240 3768 1305 3816 bier.
1322 3767 1390 3829 vulg.

184 3851 225 3900 for
240 3853 276 3900 Et
292 3857 444 3912 corucmptus
459 3850 529 3898 udor.
566 3850 603 3898 Et
619 3860 772 3914 contemptus
788 3855 879 3903 stodor
894 3853 965 3903 Nice„
980 3854 1052 3903 Ver:
1069 3852 1150 3902 hence
1166 3851 1180 3899 I
1195 3850 1263 3899 infer
1279 3848 1324 3900 the
1339 3864 1387 3898 ms

184 3966 213 4016 or
228 3966 323 4028 Poggio
338 3964 392 4014 mu
407 3925 492 4014 ‚ta
597 3967 646 4014 512
662 3968 706 4015 seu
722 3967 806 4017 muto
822 3968 856 4032 by
872 3969 952 4019 mm
1052 3971 1102 4018 514
1111 3969 1199 4031 ‚mm
1216 3965 1329 4015 ronan
1347 3964 1389 4028 u),

185 4048 260 4097 Pont.
279 4048 344 4096 Mar.
361 4047 419 4095 Ale
438 4048 451 4095 l
469 4047 542 4097 June
562 4047 603 4096 lor
619 4050 738 4110 infinitis.
868 4053 917 4100 515
934 4055 984 4100 iter
1000 4067 1076 4114 usqne
1092 4050 1174 4099 Imoh.
1191 4049 1231 4097 lor
1247 4049 1392 4109 hiemisque.

185 4129 296 4191 perhaps
313 4129 420 4176 hiem
436 4143 523 4190 usque.
624 4130 673 4178 517
692 4131 778 4178 Ornis
795 4132 823 4179 of
838 4146 900 4181 msa
917 4133 942 4181 is
957 4132 1035 4195 right.
1069 4135 1174 4181 Erum
1192 4129 1242 4179 nd.
1259 4129 1391 4190 formerly.

186 4215 270 4260 Antis
286 4210 365 4259 Incb
396 4212 471 4259 Finis
488 4210 552 4260 Mer.
572 4212 648 4260 Junt.
681 4214 755 4261 stne
772 4213 864 4263 lamb.
880 4215 966 4278 mlgc
1063 4216 1112 4264 510
1128 4215 1334 4274 Intentusque:
1351 4226 1393 4260 sce

186 4296 295 4343 ηοω.
332 4295 611 4356 Imerutrnsqroemss.
644 4296 825 4359 lumenque
839 4296 992 4348 Imbbsre
1006 4296 1102 4346 andin
1116 4293 1362 4356 limotbesplnces
1376 4307 1393 4340 v

186 4375 1394 4444 4724'16v1aessloezmdmwtwbcxelmdlntetutromeandrssaeiorimr
