3008 4800
717 211 766 278 VI

237 371 499 462 quandoquidem
523 376 569 438 nil
593 383 643 439 est
666 375 730 438 nisi
753 397 823 437 raro
846 373 977 460 corpori’
1000 354 1106 472 nexui

281 480 357 544 Huc
379 479 504 543 accedit
527 478 578 541 uti
601 499 666 542 non
690 477 809 552 omnia,
831 498 915 560 quae
937 477 1100 540 iaciuntur

236 606 367 669 corpora
389 604 527 668 cumque
551 581 593 645 ab
616 583 722 656 rebus
745 582 858 645 eodem
882 582 1029 666 praedita
1051 605 1146 646 sensu

236 696 336 771 atque
359 687 472 750 eodem
496 693 591 768 pacto
614 684 711 748 rebus
734 685 802 747 siut
825 685 976 748 omnibus
998 664 1097 781 aptal

236 790 396 876 principio
419 799 539 853 terram
562 789 610 852 sol
634 790 786 873 excoquit
808 797 843 852 et
866 790 944 853 facit
965 812 1028 864 are,

235 903 271 958 at
293 894 430 979 glaciem
453 892 601 956 dissolvit
624 900 659 956 et
680 892 757 955 altis
780 892 946 956 montibus
968 893 1051 957 altas

236 1005 459 1081 extructasque
482 996 573 1060 nives
596 996 694 1060 radiis
717 996 883 1060 tabescere
907 973 1017 1083 cogitl

235 1099 376 1184 denique
399 1121 472 1163 cera
495 1099 624 1183 liquefit
646 1099 680 1162 in
704 1099 775 1164 eius
797 1107 892 1184 posta
914 1078 1051 1185 vaporel

236 1203 321 1289 ignis
344 1203 424 1266 item
448 1201 610 1287 liquidum
634 1203 712 1266 facit
735 1225 790 1266 aes
812 1205 994 1288 aurumque
1015 1203 1154 1278 resolvit,

236 1315 272 1371 at
295 1307 379 1370 coria
402 1315 437 1370 et
458 1328 587 1370 carnem
611 1306 715 1370 trahit
737 1315 773 1371 et
795 1306 948 1372 conducit
970 1307 1003 1370 in
1028 1283 1153 1416 unum!

236 1432 330 1473 umor
352 1432 455 1495 aquae
478 1431 572 1494 porro
595 1411 717 1473 ferrum
739 1411 898 1474 condurat
920 1410 962 1474 ab
984 1411 1061 1495 igni,

235 1520 271 1576 at
294 1512 379 1576 coria
401 1521 435 1576 et
456 1534 587 1576 carnem
610 1512 726 1576 mollit¹
739 1512 857 1576 durata
880 1499 1003 1608 calore}

233 1615 422 1702 ¹barbigeras
444 1616 583 1680 oleaster
606 1637 644 1680 eo
667 1615 762 1679 iuvat
784 1637 888 1700 usque
910 1616 1056 1700 capellas,

236 1720 349 1784 effluat
371 1719 551 1783 ambrosius
573 1720 667 1804 quasi
689 1740 773 1795 vero,
798 1727 833 1781 et
854 1727 984 1783 nectare
1007 1719 1146 1800 tinctus;

236 1844 302 1906 qua
324 1823 372 1885 nil
394 1831 444 1886 est
467 1822 591 1886 homini
614 1821 701 1906 quod
722 1821 856 1885 amariu'
881 1822 1027 1885 frondeat
1049 1808 1139 1905 escal

235 1925 377 2011 denique
400 1925 621 1989 amaracinum
644 1925 768 2011 fugitat
790 1947 845 1990 sus
867 1934 902 1990 et
924 1926 1020 1990 timet
1042 1948 1136 1990 omne

235 2038 439 2114 ungentum;
468 2051 544 2092 nam
567 2028 736 2113 saetigeris
758 2028 860 2092 subus
882 2051 954 2093 acre
977 2039 1182 2106 venenumst,·
1215 2089 1216 2092 ,

237 2133 323 2217 quod
346 2154 404 2196 nos
426 2133 592 2197 interdum
615 2141 784 2217 tamquam
807 2154 950 2197 recreare
972 2119 1125 2230 videturl

235 2245 271 2300 at
294 2245 407 2301 contra
429 2237 521 2300 nobis
544 2258 681 2301 caenum
704 2237 894 2301 taeterrima
915 2260 989 2301 cum
1012 2238 1055 2301 sit

238 2340 418 2423 spurcities,
440 2339 555 2405 eadem
578 2340 679 2404 subus
702 2340 781 2405 haec
804 2341 947 2405 iucunda
969 2341 1105 2417 videtur,

236 2443 468 2508 insatiabiliter
490 2444 553 2507 toti
576 2452 615 2508 ut
638 2445 811 2508 volvantur
832 2423 977 2537 ibidem}

278 2547 351 2610 Hoc
374 2547 474 2612 etiam
497 2556 653 2633 superest,
676 2547 747 2633 ipsa
769 2570 868 2633 quam
891 2547 996 2612 dicere
1018 2547 1115 2613 dere

233 2647 405 2735 adgredior
426 2649 514 2735 quod
536 2649 711 2714 dicendum
733 2650 824 2735 prius
847 2672 917 2714 esse
940 2627 1084 2742 videtur]

235 2752 340 2816 multa
362 2753 520 2817 foramina
542 2775 617 2817 cum
640 2753 738 2818 variis
760 2754 827 2818 sint
850 2754 978 2819 reddita
999 2755 1103 2830 rebus,

236 2854 387 2919 dissimili
408 2856 496 2921 inter
517 2878 553 2921 se
575 2865 695 2921 natura
717 2856 866 2941 praedita
888 2859 1008 2923 debent

235 2978 304 3022 esse
327 2967 361 3022 et
384 2958 504 3024 habere
526 2980 620 3023 suam
642 2967 795 3024 naturam
819 2982 966 3046 quaeque
988 2934 1138 3045 viasquel

236 3061 357 3147 quippe
380 3064 502 3127 etenim
525 3064 608 3127 varii
630 3086 744 3129 sensus
766 3065 988 3129 animantibus
1010 3065 1130 3141 insunt,

235 3190 373 3252 quorum
396 3167 534 3252 quisque
556 3188 650 3231 suam
673 3168 801 3253 proprie
823 3190 892 3232 rem
915 3168 1052 3253 percipit
1074 3168 1108 3231 in
1131 3190 1181 3248 se;
1292 3173 1352 3251 985

238 3293 315 3335 nam
337 3280 508 3358 penetrare
531 3271 595 3335 alio
618 3272 745 3336 sonitus
767 3272 896 3356 alioque
918 3294 1062 3357 saporem

148 3481 234 3532 which
244 3482 267 3530 is
279 3481 325 3532 the
336 3497 408 3531 same
420 3481 504 3543 thing.
533 3487 608 3532 turae
619 3483 642 3531 A
654 3497 678 3545 p.
689 3497 725 3531 m.
735 3483 831 3532 caused
842 3484 875 3544 by
883 3491 997 3541 reomtae,
1007 3498 1036 3532 or
1047 3498 1075 3532 ae
1086 3483 1167 3532 Lech.
1180 3498 1238 3546 says
1249 3484 1356 3534 because

147 3561 191 3613 the
202 3562 340 3626 archetype
351 3563 405 3612 had
416 3563 480 3612 both
492 3565 547 3612 iare
559 3563 612 3612 and
623 3566 683 3612 iara
694 3563 779 3612 which
791 3563 825 3613 he
836 3564 910 3612 reads
923 3564 975 3612 and
987 3564 999 3612 I
1012 3579 1069 3612 now
1080 3564 1152 3613 read:
1171 3579 1213 3614 see
1223 3568 1297 3614 notes
1309 3567 1333 3615 2.

179 3647 228 3697 958
245 3661 304 3695 raro
321 3645 426 3708 corpori'
444 3662 510 3695 maa
526 3646 607 3695 Lach.
626 3647 666 3696 ior
682 3662 741 3695 raro
758 3661 858 3709 empore
874 3661 971 3696 mecam.
1123 3646 1171 3697 962
1187 3648 1224 3695 sol
1239 3647 1308 3696 Flor.
1325 3649 1355 3696 31

147 3727 236 3777 camb.
251 3727 317 3776 Mar.
329 3731 377 3776 etc.
389 3728 430 3775 lor
441 3742 497 3790 qao.
631 3727 679 3778 964
691 3742 738 3789 pac
750 3726 834 3775 added
846 3727 880 3788 by
890 3727 959 3774 Flor.
972 3727 1003 3774 31
1015 3726 1091 3775 Pont.
1104 3726 1169 3775 Mar.
1181 3726 1240 3776 nid.
1256 3728 1269 3775 l
1281 3727 1355 3776 Junt.

146 3817 273 3860 armatas
283 3813 400 3872 miapaeic
411 3811 509 3859 Avanc.
521 3813 549 3858 at
560 3810 611 3858 end
623 3809 652 3859 oi
661 3809 757 3858 Catuli.
794 3811 845 3858 alie
858 3812 996 3858 Eatrmtae
1008 3811 1112 3869 ainpaac
1123 3809 1232 3870 Nauger.

180 3891 229 3942 963
245 3894 351 3955 liquefit.
388 3895 506 3955 liquescit
521 3891 580 3943 Vat.
595 3892 644 3941 640
660 3891 753 3941 Urbin.
765 3891 825 3939 Ver.
838 3891 903 3940 Ven.
915 3891 973 3942 Ald.
992 3892 1006 3938 1
1022 3891 1095 3940 Junt.
1108 3892 1163 3956 (not
1175 3891 1250 3956 Mar.)
1262 3891 1353 3941 hamb.

147 3973 289 4036 ‘liquescit
302 3976 326 4024 e’
338 3975 429 4025 Heine.
444 3975 473 4023 in
484 3990 534 4025 me.
546 3977 635 4026 notes:
653 3975 701 4025 but
713 3990 748 4024 on
760 3973 814 4023 this
825 3974 880 4024 cod
896 3973 977 4022 Medii
989 3987 1029 4022 see
1040 3973 1217 4022 introduction
1228 3988 1253 4036 p.
1266 3973 1306 4021 24.

194 4059 243 4108 971
254 4058 392 4106 ambrosias
408 4057 457 4108 Ed.
473 4057 514 4106 for
524 4059 670 4106 ambraciae.
705 4058 844 4105 ambrosiae
856 4059 932 4119 quasi
948 4070 1004 4104 vere
1016 4062 1039 4104 et
1056 4057 1160 4103 metari
1174 4057 1265 4104 linctus
1275 4054 1355 4104 Lech.

146 4139 281 4201 elegantly,
293 4138 405 4201 perhaps
416 4138 521 4201 rightly.
658 4139 707 4189 972
720 4138 920 4198 Qua...amaria’
927 4138 1048 4199 frondeat
1059 4151 1114 4184 esca
1125 4133 1205 4184 Lech.
1217 4135 1257 4184 for
1270 4138 1354 4197 Qua...

147 4224 242 4270 mariue
255 4222 348 4284 froude
365 4236 396 4269 ac
412 4227 495 4270 caecat
510 4221 541 4279 A,
556 4226 625 4268 extet
641 4219 663 4267 B
681 4218 775 4267 Vienn.
793 4219 886 4280 fragm.
904 4217 989 4266 Nica:
1006 4219 1117 4265 amariae
1133 4215 1202 4264 Flor.
1219 4217 1250 4264 31
1267 4215 1357 4265 (lamb.

147 4306 199 4352 two
210 4301 269 4352 Vat.
283 4302 349 4351 Mar.
514 4301 563 4352 973
575 4301 750 4349 amaracinum
762 4299 828 4348 Mar.
840 4299 915 4349 Junt.
930 4299 968 4347 for
980 4299 1140 4347 taracinam
1308 4299 1356 4349 977

147 4387 261 4436 iucunda
278 4383 367 4434 (lamb.
384 4384 451 4434 Mar.
463 4384 519 4433 Ald.
536 4384 549 4431 1
568 4381 643 4431 Junt.
657 4380 710 4430 Gis.
729 4381 769 4431 for
779 4381 876 4430 manda
885 4381 916 4440 A,
936 4381 1034 4430 inania
1050 4379 1082 4427 B.
1115 4379 1223 4428 munda
1239 4378 1307 4428 Flor.
1324 4380 1356 4428 31
