3008 4800
733 194 763 256 V

230 357 396 422 aestiferas
419 376 522 439 usque
545 353 577 416 in
602 353 704 439 partis
726 360 761 416 et
783 352 907 417 fervida
928 314 1037 458 signal

229 468 264 524 et
285 459 409 523 ratione
432 455 502 540 pari
523 456 635 519 lunam
658 453 834 538 stellasque
856 454 1082 540 putandumst,

228 585 312 648 quae
334 561 471 625 volvunt
493 580 626 645 magnos
648 559 683 621 in
706 557 833 644 magnis
855 543 987 622 orbibus
1008 580 1118 634 annos,

203 654 205 657 ⁵
229 661 357 731 aeribus
379 684 470 748 posse
493 661 627 726 alternis
649 683 667 725 e
689 660 838 746 partibus
860 639 930 760 ire}

229 790 335 833 nonne
356 766 447 830 vides
469 764 569 829 etiam
592 763 726 829 diversis
749 764 862 828 nubila
885 764 991 829 ventis

229 872 370 937 diversas
392 872 439 934 ire
461 870 495 932 in
517 869 620 954 partis
642 869 768 934 inferna
790 839 974 954 supernisll

228 975 286 1061 qui
309 973 415 1038 minus
437 973 493 1037 illa
515 981 638 1057 queant
659 993 718 1058 per
741 994 875 1058 magnos
896 972 1038 1037 aetheris
1061 973 1147 1037 orbis

229 1076 372 1142 aestibus
394 1077 480 1140 inter
501 1097 536 1139 se
558 1074 691 1140 diversis
714 1073 820 1139 sidera
843 1058 956 1162 ferrill

274 1180 320 1243 At
340 1201 404 1242 nox
426 1177 535 1242 obruit
557 1177 684 1264 ingenti
707 1177 845 1262 caligine
867 1186 978 1254 terras,

229 1292 288 1347 aut
309 1282 367 1347 ubi
389 1282 430 1346 de
453 1282 547 1367 longo
570 1303 665 1345 cursu
688 1281 735 1345 sol
758 1281 876 1346 ultima
898 1282 979 1346 caeli

228 1384 360 1470 impulit
381 1391 479 1470 atque
501 1405 575 1448 suos
598 1383 720 1448 efflavit
742 1383 917 1470 languidus
939 1382 1024 1469 ignis

229 1510 396 1554 concussos
418 1488 500 1552 itere
522 1495 557 1552 et
579 1487 752 1552 labefactos
775 1508 847 1551 aere
870 1487 984 1564 multo,

228 1601 287 1657 aut
309 1592 386 1678 quia
407 1591 468 1656 sub
491 1600 593 1654 terras
615 1611 743 1654 cursum
766 1598 954 1654 convortere
976 1589 1063 1674 cogit

230 1695 277 1760 vis
299 1694 420 1770 eadem,
443 1715 540 1778 supra
561 1714 644 1777 quae
667 1700 769 1756 terras
791 1692 929 1778 pertulit
951 1691 1068 1757 orbem.

272 1799 430 1884 Tempore
453 1798 533 1862 item
556 1804 644 1861 certo
666 1817 790 1861 roseam
813 1795 946 1860 Matuta
966 1817 1118 1881 peroras

229 1901 370 1966 aetheris
391 1921 540 1965 auroram
562 1898 672 1964 differt
694 1907 729 1964 et
751 1899 877 1963 lumina
898 1898 1022 1985 pandit,

230 2013 289 2069 aut
310 2003 388 2090 quia
411 2004 458 2067 sol
482 2001 578 2080 idem,
600 2001 661 2066 sub
684 2006 786 2067 terras
808 2003 863 2066 ille
885 2010 1058 2079 revertens,

229 2107 389 2192 anticipat
410 2105 536 2170 caelum
558 2104 658 2170 radiis
680 2105 854 2170 accendere
878 2113 1052 2190 temptans,

228 2219 287 2274 aut
309 2209 386 2295 quia
407 2207 604 2273 conveniunt
625 2208 717 2295 ignes
739 2216 774 2272 et
796 2208 921 2272 semina
943 2207 1048 2272 multa

232 2314 390 2378 confluere
412 2310 534 2376 ardoris
556 2320 753 2376 consuerunt
775 2321 921 2397 tempore
944 2319 1040 2387 certo

177 2498 179 2501 Ι
231 2440 314 2504 quae
336 2417 460 2481 faciunt
481 2416 557 2481 solis
578 2437 662 2480 nova
683 2437 811 2501 semper
833 2415 957 2479 lumina
978 2415 1088 2501 gigni;

230 2521 316 2607 quod
338 2542 442 2607 genus
465 2519 573 2584 Idaeis
596 2519 681 2584 fama
703 2527 754 2584 est
775 2541 794 2584 e
817 2519 982 2584 montibus
1003 2519 1080 2583 altis

229 2624 388 2710 dispersos
410 2623 496 2710 ignis
518 2622 636 2686 orienti
657 2621 781 2686 lumine
803 2621 900 2698 oemi,

231 2726 308 2791 inde
330 2727 414 2791 coire
436 2726 569 2813 globum
591 2725 684 2811 quasi
705 2725 741 2789 in
762 2747 866 2789 unum
889 2733 924 2788 et
945 2723 1098 2789 conficere
1121 2723 1238 2788 orbem.
1283 2727 1343 2805 665

155 2877 157 2881 ⁴
231 2852 291 2895 nec
313 2838 424 2894 tamen
446 2829 526 2917 illugl
549 2829 585 2893 in
607 2828 658 2893 bis
680 2828 777 2893 rebus
799 2827 947 2892 mirabile
969 2826 1067 2892 debet

146 3009 148 3013 y
232 2955 310 3009 esse,
332 2932 418 3018 quod
441 2932 519 2995 haec
541 2931 627 3017 ignis
649 2939 717 2996 tam
740 2940 827 2996 certo
850 2939 995 3015 tempore
1017 2937 1153 3015 possunt

232 3037 355 3100 semina
377 3037 536 3100 confluere
558 3044 593 3100 et
615 3035 690 3100 solis
712 3057 860 3121 reparare
883 3013 1045 3133 nitorem}

234 3140 339 3204 multa
360 3140 507 3204 videmus
529 3138 627 3217 enim,
649 3146 737 3204 certo
759 3160 843 3224 quae
866 3147 1011 3224 tempore
1033 3137 1118 3202 fiunt

233 3244 383 3309 omnibus
406 3244 440 3306 in
462 3243 567 3308 rebus.
597 3243 770 3308 florescunt
792 3250 938 3328 tempore
960 3236 1047 3307 serto
1284 3244 1348 3320 670

232 3347 364 3411 arbusta
385 3356 419 3411 et
442 3356 529 3410 certo
552 3345 726 3410 dimittunt
748 3355 894 3430 tempore
917 3333 1053 3446 florem}

233 3473 292 3516 neo
314 3451 422 3515 minus
444 3450 479 3514 in
501 3459 589 3514 oerto
611 3451 726 3515 dentes
748 3450 862 3515 eadere
885 3451 1024 3536 imperat
1046 3458 1135 3515 aetas

234 3562 378 3638 tempore
400 3564 434 3619 et
456 3553 613 3639 inpubem
636 3554 725 3618 molli
748 3555 923 3639 pubescere
945 3564 1035 3617 veste

233 3666 268 3721 et
290 3657 412 3742 pariter
433 3657 564 3722 mollem
586 3658 681 3722 malis
702 3657 876 3722 demittere
900 3657 1042 3721 barbam.

233 3758 370 3844 fulmina
391 3769 553 3846 postremo
576 3759 632 3824 nix
655 3761 775 3825 imbres
797 3760 910 3824 nubila
932 3759 1021 3824 venti
1285 3759 1345 3837 675

148 4011 188 4060 for
198 4013 282 4061 etiam.
405 4011 519 4069 elassa
530 4011 596 4062 Flor.
613 4012 643 4059 31
656 4011 745 4060 Camb.
756 4009 833 4060 Pont.
847 4011 913 4060 Mar.
925 4012 965 4060 for
976 4012 1030 4061 ille.
1145 4010 1193 4059 651
1209 4011 1247 4058 sol
1257 4010 1349 4059 obium

110 4084 116 4094 ⁸
148 4091 237 4143 Gamb.
252 4093 311 4144 Vat.
331 4093 394 4144 1136
412 4092 465 4142 and
483 4094 546 4143 1954
562 4092 657 4142 Othob.
673 4093 713 4141 lor
729 4093 808 4141 solvet
824 4095 876 4141 imo
893 4094 966 4142 caeli.
984 4094 1021 4140 ool
1038 4094 1132 4140 extima
1147 4090 1217 4139 Flor.
1234 4091 1266 4138 31
1283 4089 1348 4138 Mar.

46 4219 48 4227 .
148 4173 205 4226 Ald.
221 4175 236 4224 1
247 4175 321 4224 Junt.
334 4179 381 4226 eto.
415 4173 530 4224 Politian
541 4173 569 4223 in
580 4188 662 4236 marg.
673 4173 742 4223 Flor.
754 4176 786 4225 29
798 4172 846 4223 has
857 4173 921 4222 both
932 4175 1022 4222 attium
1033 4171 1086 4222 and
1097 4173 1199 4221 extimo.

182 4255 232 4308 656
247 4259 351 4308 Matuta
368 4257 446 4307 Pont.
464 4256 530 4306 Mar.
547 4255 606 4306 Ald.
626 4258 639 4305 1
656 4256 729 4306 Junt.
748 4256 787 4305 for
804 4263 913 4306 motura.
1032 4255 1078 4306 667
1092 4261 1198 4318 possunt
1213 4252 1293 4302 Laoh.
1312 4253 1351 4302 for

144 4340 235 4404 pouit.
265 4342 365 4405 possint
376 4339 446 4403 vulg.
459 4343 580 4403 wntrtry
591 4341 619 4389 to
630 4337 675 4388 tho
686 4337 830 4400 unvaryiug
841 4352 919 4399 usage
929 4336 958 4386 os
967 4337 1043 4385 Luor.
1167 4336 1215 4388 675
1232 4337 1351 4385 Fulmina
