3008 4800
780 163 812 226 V

990 300 995 310 ι

279 346 344 388 non
365 344 459 388 ruere
481 322 604 388 avolsos
625 323 730 388 silices
751 346 771 387 a
793 323 959 388 montibus
980 325 1055 390 altis

278 449 338 492 nec
361 426 484 492 validas
505 427 578 492 aevi
600 427 684 492 vires
705 428 845 513 perferre
867 428 1000 514 patique

278 531 388 595 finiti?
417 553 523 617 neque
546 530 633 596 enim
656 530 808 596 caderent
830 532 938 596 avolsa
960 543 1101 619 repente,
1332 550 1393 616 315

279 657 318 700 ex
341 635 469 700 infinito
492 657 575 721 quae
598 643 743 721 tempore
765 637 1014 722 pertolerassent

277 740 387 804 omnia
409 748 572 805 tormenta
593 740 712 805 aetatis
734 740 862 825 privata
883 732 1030 856 fragore!

321 842 472 928 Denique
494 844 560 907 iam
583 852 674 908 tuere
697 843 766 920 hoc,
788 844 908 908 circum
931 865 1091 929 supraque
1112 843 1198 929 quod
1221 864 1350 908 omnem

277 944 423 1009 continet
445 946 598 1030 amplexu
621 953 758 1008 terram:
788 945 817 1009 si
838 955 985 1031 procreat
1007 968 1103 1012 exse
1244 1014 1248 1021 ,

276 1047 393 1124 omnia,
416 1047 501 1132 quod
524 1045 657 1132 quidam
679 1055 869 1126 memorant,
889 1048 1070 1134 recipitque
1092 1057 1270 1135 perempta,
1330 1067 1395 1131 320

276 1158 384 1214 totum
406 1149 555 1214 nativum
577 1149 707 1213 mortali
729 1171 858 1234 corpore
882 1137 1026 1239 constat}

275 1273 352 1315 nam
374 1250 600 1336 quodcumque
622 1250 702 1315 alias
724 1272 763 1315 ex
786 1273 821 1316 se
842 1273 894 1315 res
915 1261 1015 1338 auget
1036 1252 1168 1338 alitque,

276 1353 423 1418 deminui
444 1353 552 1430 debet,
575 1353 720 1430 recreari,
743 1377 817 1419 cum
839 1354 955 1440 recipit
976 1376 1033 1419 res

320 1455 493 1520 Praeterea
513 1454 542 1520 si
563 1456 654 1520 nulla
676 1456 755 1532 fuit.
760 1455 912 1543 genitalis
935 1455 1023 1543 origo

276 1570 435 1627 terrarum
459 1568 493 1624 et
515 1559 597 1624 caeli
618 1581 808 1646 semperque
830 1568 962 1624 aeterna
984 1560 1080 1636 fuere,
1220 1639 1222 1644 Α
1329 1579 1390 1644 325

168 1702 172 1708 ·
275 1686 333 1728 cur
354 1684 472 1748 supera
493 1662 616 1727 bellum
639 1663 831 1728 Thebanum
854 1672 888 1728 et
911 1663 1024 1727 funera
1044 1662 1158 1727 Troiae

274 1789 339 1832 non
362 1765 441 1830 alias
464 1765 520 1829 alii
542 1787 671 1851 quoque
695 1787 746 1830 res
767 1765 910 1831 cecinere
932 1773 1047 1851 poetae
1060 1733 1092 1860 ll

275 1892 339 1956 quo
361 1877 413 1934 tot
434 1869 521 1934 facta
543 1869 649 1933 virum
672 1871 793 1934 totiens
815 1868 958 1934 cecidere
980 1891 1084 1955 neque
1108 1891 1244 1955 usquam

274 1973 415 2038 aeternis
437 1973 542 2037 famae
565 1972 775 2037 monimentis
797 1972 896 2036 insita
918 1940 1075 2072 florentll

273 2065 396 2153 uerum,
417 2083 457 2140 ut
479 2076 601 2162 opinor,
623 2075 722 2140 habet
744 2074 1072 2140 novitatem‘summa
1092 2098 1266 2162 recensque
1328 2095 1392 2160 330

272 2187 424 2244 naturast
446 2179 561 2243 mundi
582 2200 688 2265 neque
710 2179 835 2265 pridem
858 2180 988 2245 exordia
1009 2157 1116 2273 cepit}

273 2307 372 2371 quare
395 2284 495 2348 etiam
519 2283 678 2369 quaedam
700 2306 787 2349 nunc
808 2292 895 2372 artes
917 2285 1132 2371 expoliuntur,

271 2410 360 2454 nuno
382 2387 481 2453 etiam
504 2395 703 2472 augescunt;
723 2409 818 2451 -nunc
840 2387 953 2452 addita
973 2388 1111 2475 navigiis
1133 2397 1209 2453 sunt

272 2492 385 2568 multa,
408 2489 504 2555 modo
525 2490 668 2576 organici
691 2490 820 2555 melicos
842 2512 994 2576 peperere
1016 2472 1165 2565 sonoresl

270 2596 412 2681 denique
433 2603 551 2659 natura
573 2594 654 2660 haec
675 2617 783 2669 rerum
805 2596 952 2681 ratioque
974 2604 1132 2682 repertast
1325 2612 1385 2678 335

272 2721 384 2785 nuper,
402 2706 441 2763 ‘et
463 2698 546 2763 hanc
568 2698 692 2783 primus
714 2720 789 2763 cum
811 2697 925 2783 primis
946 2698 1015 2784 ipse
1036 2706 1184 2785 repertus

270 2824 358 2868 nuno
380 2823 440 2887 ego
462 2822 535 2865 sum
558 2801 593 2864 in
614 2800 736 2886 patrias
759 2801 816 2886 qui
837 2800 957 2885 possim
981 2809 1104 2865 vertere
1127 2780 1245 2913 voces}

232 2919 236 2927 '
270 2905 356 2992 quod
379 2904 407 2969 si
429 2905 512 2969 forte
534 2904 632 2969 fuisse
654 2904 792 2969 antehac
814 2903 926 2969 eadem
950 2905 1058 2969 omnia
1079 2903 1189 2980 credis,

270 3007 327 3074 sed
348 3008 482 3094 periisse
505 3008 673 3072 hominum
696 3009 833 3073 torrenti
855 3009 958 3073 saecla
980 3030 1105 3093 vapore,

269 3121 329 3176 aut
352 3110 504 3176 cecidisse
528 3111 617 3175 urbis
639 3133 757 3197 magno
779 3111 947 3176 vexamine
971 3111 1092 3188 mundi,
1322 3128 1388 3193 340
1456 3138 1467 3185 ς

270 3224 330 3282 aut
352 3238 392 3280 ex
415 3214 574 3279 imbribus
596 3214 740 3279 adsiduis
762 3215 865 3280 exisse
887 3238 1016 3302 rapaces

268 3342 327 3407 per
349 3327 451 3413 terras
473 3339 584 3383 amnes
606 3327 701 3404 atquc
722 3319 841 3405 oppida
863 3321 1070 3406 cooperuisse,

179 3513 299 3563 proporro
317 3501 471 3560 ventumque
490 3513 613 3548 senescere
632 3500 720 3549 crudus
742 3499 823 3549 Lach.
867 3502 958 3550 Cedere
977 3516 1096 3564 proporro
1115 3502 1242 3564 subitoque
1263 3516 1386 3552 semestre

181 3595 241 3629 casu
262 3578 330 3627 Mar.
353 3578 428 3626 Junt.
449 3576 541 3627 Lamb.
560 3577 599 3627 ed.
624 3581 638 3627 1
661 3580 714 3629 and
736 3583 760 3639 2,
780 3581 883 3631 (treech.
923 3581 1014 3630 Lamb.
1034 3581 1073 3632 ed.
1096 3583 1111 3630 3
1131 3581 1239 3631 obelises
1260 3581 1314 3632 this
1332 3583 1386 3633 and

182 3659 247 3710 adds
263 3658 309 3708 the
326 3673 376 3707 ms.
389 3673 468 3708 verse.
502 3659 537 3707 Is.
550 3659 624 3709 Voss.
637 3661 694 3726 (not
709 3661 819 3726 Preiger)
835 3661 863 3710 in
879 3677 928 3710 ms.
940 3665 1014 3711 notes
1030 3662 1078 3711 has
1096 3664 1164 3723 Quae
1181 3677 1253 3712 ruere
1264 3678 1386 3727 proporro

179 3743 220 3790 ¹ibi
247 3754 342 3803 conqrw
369 3755 493 3789 senescere
520 3742 633 3790 credas
661 3744 756 3803 [Quare
781 3759 901 3806 proporro
929 3746 979 3793 sibi
1007 3759 1109 3807 cunque
1135 3758 1259 3794 senescere
1286 3747 1385 3810 credas]
1473 3771 1478 3778 ·

180 3823 271 3871 Bern.:
290 3820 343 3870 Gif.
355 3820 407 3870 aud
419 3821 493 3871 Wak.
505 3821 561 3870 find
571 3837 606 3872 no
618 3823 744 3886 difficulty
755 3825 783 3874 in
795 3824 840 3874 the
851 3841 899 3875 ms.
909 3825 1022 3887 reading.
1154 3827 1202 3874 318
1214 3841 1308 3876 omnem
1319 3828 1384 3877 Mar.

181 3904 255 3954 sunt.
270 3903 310 3952 lor
321 3917 398 3952 mnne.
544 3904 592 3955 319
603 3906 627 3952 si
637 3919 689 3953 om.
703 3905 773 3955 Nioc.
786 3905 838 3956 and
849 3907 886 3956 all
896 3908 962 3957 later
972 3922 1047 3956 mss:
1063 3907 1144 3958 hence
1155 3907 1234 3957 much
1246 3907 1384 3958 confusion

181 3985 209 4033 in
226 3983 280 4034 eds.
298 3983 383 4032 before
401 3982 493 4041 Lech„
512 3984 674 4047 Havercamp
694 3988 740 4035 not
759 3986 880 4050 deigning
900 3990 928 4038 to
946 3987 1034 4038 record
1054 3987 1112 4038 that
1131 3989 1175 4037 AB
1195 3988 1259 4038 both
1277 3988 1332 4038 had
1350 3993 1381 4040 at

180 4066 363 4116 onim...terroi
373 4064 469 4113 Arane.
505 4073 603 4123 terrum,
616 4068 683 4128 quod
695 4067 759 4116 Mar.
771 4068 846 4117 lunt.
858 4069 926 4131 vulg.
1034 4071 1081 4118 321
1099 4073 1221 4120 oratioum.
1254 4073 1343 4121 activo
1353 4088 1384 4124 ac

179 4148 257 4197 Bem.
364 4145 412 4193 331
430 4147 555 4194 Naturuct
567 4149 655 4196 mucidi
666 4147 723 4199 Ald.
740 4149 763 4206 1,
774 4151 876 4198 Natura
888 4159 925 4200 est
937 4152 1001 4200 Mar.
1014 4152 1087 4201 Junt.
1100 4154 1140 4200 lor
1150 4154 1252 4201 Natura
1260 4155 1383 4203 rnuudiat:

179 4228 233 4279 this
244 4240 365 4278 common
377 4226 486 4276 blundcr
497 4227 526 4276 ol
535 4242 583 4276 our
593 4243 655 4279 mss.
670 4229 744 4282 Wak.
758 4230 820 4280 here
832 4231 917 4294 keeps.
1041 4235 1088 4285 339
1101 4236 1207 4297 potiere
1219 4233 1288 4282 Flor.
1301 4235 1332 4282 31
1344 4234 1384 4284 for

176 4315 279 4375 perisse.
378 4310 426 4358 342
443 4318 519 4372 atquc
531 4313 624 4375 oppido
635 4311 706 4362 Flot.
718 4315 749 4362 31
762 4313 851 4363 (lamb.
864 4315 928 4364 Mar.
941 4316 980 4365 lor
991 4323 1019 4364 ot
1030 4317 1132 4380 oppido.
1170 4313 1282 4365 ocNicc.
1295 4316 1310 4363 2
1323 4315 1382 4367 Vat.
