3008 4800
160 173 204 236 66
748 174 765 237 I

246 330 357 397 ordine
379 340 506 396 mutato
529 341 564 396 et
586 341 685 408 motu,
708 332 811 396 facere
832 334 914 399 aeris
936 355 1038 412 auras,

247 437 292 500 sic
314 437 394 501 alias
416 437 488 501 aliis
511 437 606 501 rebus
629 437 784 501 mutarier
806 439 935 502 omnis?

290 540 356 604 ‘At
379 540 550 604 manifesta
570 539 677 623 palam
700 562 750 603 res
771 539 903 604 indicat’
927 542 1033 626 inquis
1056 542 1107 606 ‘in
1129 565 1224 607 auras

245 643 328 707 aeris
351 666 368 706 e
392 651 477 706 terra
498 664 549 706 res
569 642 673 706 omnis
695 665 834 708 crescere
855 645 982 729 alique;

246 755 280 810 et
302 746 365 810 nisi
389 754 564 829 tempestas
587 744 735 830 indulget
758 754 901 831 tempore
924 748 1030 811 fausto

247 845 414 925 imbribus
438 857 476 912 ut
498 848 573 912 tabe
596 848 779 912 nimborum
801 849 934 913 arbusta
955 851 1117 928 vacillent,

245 953 357 1037 solque
379 973 438 1015 sua
458 973 515 1035 pro
538 960 630 1036 parte
653 951 739 1016 fovet
761 952 943 1038 tribuitque
964 954 1110 1031 calorem,

244 1077 385 1120 creseere
406 1077 470 1119 non
493 1055 617 1140 possint
639 1056 746 1141 fruges
768 1056 902 1121 arbusta
923 1057 1099 1122 animantis
1109 1057 1125 1123 ².

180 1177 220 1235 gg
244 1158 367 1222 scilicet
389 1167 423 1222 et
445 1157 508 1221 nisi
530 1179 588 1221 nos
610 1157 701 1223 cibus
722 1159 831 1222 aridus
853 1167 887 1224 et
910 1168 1003 1224 tener
1024 1182 1117 1224 umor

243 1261 386 1338 adiuvet,
408 1261 524 1343 amisso
547 1260 612 1324 iam
634 1284 763 1347 corpore
786 1263 855 1327 vita
877 1285 1005 1348 quoque
1028 1264 1132 1328 omnis

243 1364 393 1429 omnibus
415 1387 434 1429 e
455 1364 563 1428 nervis
584 1374 684 1451 atque
706 1366 829 1432 ossibus
852 1369 1054 1448 exsoluatur3

243 1468 430 1532 adiutamur
451 1468 538 1532 enim
560 1468 659 1533 dubio
680 1471 791 1554 procul
812 1479 912 1556 atque
933 1471 1051 1536 alimur
1072 1494 1130 1536 nos

243 1573 340 1637 certis
362 1573 403 1637 ab
425 1573 529 1648 rebus,
551 1573 648 1638 certis
669 1573 751 1638 aliae
773 1582 872 1659 atque
893 1574 976 1638 aliae
998 1559 1075 1675 real

139 1691 143 1698 '
242 1676 396 1740 nimirum
420 1675 497 1759 quia
518 1675 621 1740 multa
644 1676 747 1740 modis
768 1678 950 1741 communia
972 1678 1085 1742 multis

242 1778 420 1842 multarum
443 1800 549 1842 rerum
572 1777 607 1842 in
628 1779 724 1843 rebus
746 1779 920 1865 primonlia
941 1781 1044 1844 mixta

241 1892 329 1959 sunt,
350 1883 423 1947 ideo
445 1882 542 1947 variis
563 1871 670 1947 variae
692 1904 743 1947 res
765 1883 861 1947 rebus
882 1883 1037 1948 aluntur.‘

241 1997 340 2073 atque
363 1989 475 2052 eadem
498 1988 608 2073 magni
630 1988 728 2052 refert
750 1989 922 2073 primordia
944 2011 1039 2073 saepe

242 2114 316 2155 cum
340 2091 460 2176 quibus
483 2099 516 2154 et
538 2090 628 2175 quali
650 2092 795 2177 positura
817 2092 1044 2156 contineantur

242 2204 276 2259 et
298 2216 378 2280 quos
401 2195 486 2258 inter
508 2215 542 2258 se
564 2192 644 2258 dent
667 2203 774 2258 motus
797 2194 1040 2279 accipiantque3

241 2319 383 2383 namque
405 2296 517 2362 eadem
539 2297 664 2362 caelum
688 2319 775 2362 mare
798 2305 899 2362 terras
921 2297 1056 2361 flumina
1078 2298 1178 2361 solem

240 2402 453 2477 constituunt,
476 2400 589 2466 eadem
613 2401 721 2486 fruges
743 2401 876 2465 arbusta
898 2401 1081 2486 animantis,

238 2527 351 2570 verum
375 2505 447 2568 aliis
469 2505 595 2590 alioque
620 2504 713 2568 modo
735 2505 910 2568 commixta
933 2493 1133 2602 moventur.l

239 2609 319 2694 quin
343 2609 441 2673 etiam
464 2609 583 2694 passim
606 2609 723 2673 nostris
745 2608 779 2671 in
802 2608 947 2672 versibus
968 2608 1048 2700 ipsis

239 2713 345 2777 multa
367 2714 527 2776 elementa
549 2711 639 2777 vides
662 2711 774 2776 multis
798 2712 980 2776 communia
1001 2711 1117 2788 verbis,

239 2838 313 2880 cum
337 2825 448 2880 tamen
469 2817 555 2880 inter
576 2837 610 2880 se
633 2837 742 2880 versus
764 2838 802 2879 ac
824 2815 921 2880 verba
943 2823 1106 2879 necessest

238 2920 410 2984 confiteare
433 2927 466 2983 et
488 2942 522 2984 re
545 2928 579 2984 et
600 2919 708 2984 sonitu
731 2920 851 2984 distare
873 2899 1028 3021 sonantil
1116 2996 1117 2999 Ἴ

240 3032 371 3087 tantum
396 3023 557 3086 elementa
579 3030 704 3106 queunt
726 3031 911 3107 permutato
933 3023 1043 3108 ordine
1066 3022 1150 3102 solo;

238 3136 273 3191 at
295 3149 403 3191 rerum
426 3149 508 3211 quae
531 3135 608 3190 sunt
630 3126 811 3211 primordia,
833 3128 926 3212 plura
947 3126 1101 3190 adhibere

237 3239 373 3317 possunt
396 3231 481 3295 unde
504 3239 625 3316 queant
647 3231 753 3295 variae
776 3253 826 3295 res
848 3253 993 3317 quaeque
1015 3205 1142 3350 crearit

280 3337 378 3400 Nune
401 3345 435 3401 et
456 3337 667 3421 Anaxagorae
689 3346 870 3400 scrutemur
892 3334 1149 3399 homoeomerian
1286 3336 1351 3416 830

150 3598 228 3648 Prisc.
247 3600 287 3649 for
303 3607 328 3648 et
345 3599 373 3647 of
388 3612 466 3648 msa:
490 3596 542 3646 this
558 3595 656 3658 change
673 3596 699 3643 of
721 3610 737 3643 a
753 3595 835 3653 letter,
853 3610 882 3644 as
898 3595 972 3646 Bern.
994 3595 1041 3645 has
1059 3609 1128 3652 seen,
1146 3594 1214 3656 gives
1232 3595 1352 3642 imbribus

148 3684 177 3730 to
194 3681 240 3730 the
255 3680 390 3744 preceding
407 3683 525 3728 sentence
541 3677 594 3728 and
610 3677 762 3740 completely
777 3682 886 3726 restores
903 3677 947 3726 the
963 3677 1014 3725 fine
1034 3691 1151 3739 passage,
1168 3675 1253 3725 which
1272 3675 1351 3726 Lech.

148 3763 299 3826 deplorably
316 3763 450 3824 disfignres
467 3762 499 3822 by
516 3760 682 3822 transposing
698 3760 746 3809 806
763 3760 814 3809 and
831 3762 877 3810 807
895 3760 947 3809 and
963 3759 1093 3821 changing
1109 3761 1213 3808 arbusta
1230 3758 1285 3807 into
1302 3774 1352 3807 um·

150 3850 231 3905 trista,
243 3861 273 3895 as
290 3845 312 3893 if
328 3844 382 3893 rain
401 3843 515 3892 forsooth
532 3841 608 3890 could
624 3841 676 3889 lilre
688 3841 764 3890 ‘frost
781 3842 891 3902 perform
907 3841 951 3890 the
966 3841 1040 3890 effect
1056 3842 1083 3888 of
1098 3841 1163 3889 fire’.
1197 3836 1354 3889 Lamb.'nnd

149 3929 202 3980 Gir.
222 3928 262 3977 ed,
281 3929 294 3976 l
311 3927 501 3984 et...vuctllunt,
519 3925 563 3973 the
580 3923 688 3986 vulgate.
726 3924 777 3972 Gif.
795 3923 834 3973 ed.
855 3913 869 3971 2
886 3924 962 3986 keeps
978 3925 1155 3974 er...vucillent
1172 3924 1199 3971 of
1218 3937 1281 3972 mss.
1301 3921 1354 3970 and

150 4027 211 4075 says
229 4016 268 4072 ‘q.
281 4025 305 4060 v.
326 4008 428 4058 Marull.
446 4012 472 4056 et
488 4008 555 4069 vulg.
569 4008 700 4070 sacillum,
718 4021 741 4067 q.
757 4021 780 4056 v.
801 4009 932 4063 vacillant,
951 4005 1041 4054 male'.
1076 4007 1139 4054 Now
1155 4004 1213 4054 Ald,
1233 4006 1246 4052 l
1264 4004 1313 4053 has
1330 4013 1354 4053 et

149 4087 383 4156 tubes...fociltont.
428 4091 484 4140 Ver.
508 4090 571 4140 Van.
600 4088 661 4138 read
688 4097 711 4136 et
741 4090 953 4150 tute...sacittent‚
982 4087 1085 4136 whence
1112 4102 1198 4136 comes
1220 4088 1352 4149 fucillant.

149 4173 276 4224 Marullus
293 4173 321 4221 in
337 4172 391 4223 eod.
412 4172 507 4221 Victor.
525 4170 612 4219 mares
629 4184 662 4218 no
680 4169 784 4230 change.
939 4171 987 4218 814
1009 4172 1089 4217 multo
1107 4170 1185 4217 modis
1204 4167 1295 4216 Lamb.
1314 4167 1354 4215 for

148 4259 311 4307 multimodis.
424 4256 471 4302 824
488 4254 569 4302 verbis
586 4251 655 4299 Flor.
673 4252 703 4298 31
721 4250 809 4299 camb.
828 4251 885 4299 Vat.
904 4251 978 4299 Pont.
997 4250 1062 4298 Mar.
1080 4255 1128 4299 eto.
1146 4250 1185 4298 for
1203 4251 1290 4298 tellis:
1312 4263 1354 4296 see

148 4338 228 4388 Laoh.
365 4338 413 4385 830
430 4343 462 4383 er.
496 4342 524 4382 ut
540 4331 634 4381 Lech:
658 4331 686 4380 in
702 4332 750 4380 five
767 4330 841 4380 other
857 4331 941 4392 places
958 4331 991 4379 he
1008 4329 1120 4392 changes
1137 4339 1169 4391 et,
1188 4329 1241 4378 and
1257 4328 1285 4377 in
1302 4332 1352 4377 two
