3008 4800
738 206 793 272 111

252 391 312 434 nec
334 369 430 435 miser
451 369 630 454 inpendens
651 391 805 456 magnum
829 370 924 436 timet
945 393 1019 436 aere
1041 393 1155 437 sexum
1303 375 1371 454 980

252 471 415 549 Tantalus
438 481 476 538 ut
498 474 624 550 famast,
646 495 735 538 cassa
756 474 926 540 formidine
949 483 1096 561 torpens3

252 574 308 638 sed
330 575 432 662 magis
453 575 488 640 in
511 576 581 640 vita
602 576 710 641 divom
733 584 840 641 metus
863 587 957 664 urget
979 578 1085 643 inanis

253 680 397 744 mortalis
418 703 594 766 casumque
617 681 736 746 timent
759 703 855 767 quem
878 683 995 769 cuique
1017 683 1100 748 ferat
1123 650 1206 799 fors]

253 803 312 845 nec
334 781 450 866 Tityon
472 782 617 847 volucres
639 783 755 847 ineunt
777 783 964 850 Acherunte
986 785 1146 850 iacentem

253 905 312 948 nec
333 883 419 967 quod
441 883 502 948 sub
525 905 644 970 magno
666 893 851 950 scrutentur
872 894 1001 972 pectore
1023 888 1081 973 qui
1120 909 1197 952 uam
1301 889 1365 969 985

252 994 444 1071 perpetuam
466 994 610 1051 aetatem
634 996 770 1072 possunt
791 989 930 1073 reperire
952 991 1102 1074 profecto.

252 1089 431 1173 quamlibet
453 1089 588 1153 immani
609 1089 754 1175 proiectu
777 1091 916 1175 eorporis
936 1100 1053 1169 exstet,

252 1193 309 1279 qui
330 1215 395 1257 non
416 1194 484 1258 sola
505 1215 621 1257 novem
644 1192 795 1278 dispessis
816 1193 928 1278 iugera
950 1194 1103 1260 membris

252 1296 406 1381 optineat,
428 1297 485 1362 sed
507 1297 564 1382 qui
587 1297 686 1361 terrai
709 1296 810 1361 totius
833 1296 953 1374 orbem,

253 1422 318 1464 non
340 1408 450 1465 tamen
471 1409 640 1466 aeternum
662 1399 783 1485 poterit
804 1401 943 1487 perferre
965 1401 1107 1466 dolorem
1302 1418 1370 1484 990

252 1525 312 1568 neo
334 1503 486 1588 praebere
509 1503 618 1568 cibum
641 1503 770 1590 proprio
791 1504 832 1569 de
854 1525 983 1589 corpore
1006 1526 1140 1590 semper.

251 1607 308 1671 sed
330 1607 441 1693 Tityos
463 1606 555 1671 nobis
578 1607 631 1671 hic
653 1615 711 1684 est,
733 1607 768 1671 in
791 1629 899 1671 amore
921 1607 1081 1673 iacentem

252 1733 348 1796 quem
370 1712 512 1776 volucres
535 1711 677 1776 lacerant
699 1719 799 1797 atque
822 1719 913 1776 exest
934 1712 1050 1776 anxius
1071 1734 1171 1798 angor

251 1822 310 1878 aut
331 1814 395 1878 olio
417 1815 530 1901 quavis
553 1814 705 1880 scindunt
727 1815 909 1900 cuppedine
931 1837 1034 1882 curae.

252 1916 409 2004 Sisyphus
431 1919 466 1983 in
488 1918 557 1983 vita
579 1940 707 2005 quoque
722 1918 821 1984 'nobis
843 1927 920 1984 ante
942 1918 1034 1984 oculo
1072 1928 1123 1983 est
1191 1959 1227 2012 ff
1301 1934 1364 2001 995

252 2020 309 2105 qui
330 2029 440 2106 petere
462 2044 482 2085 a
504 2022 623 2108 populo
646 2022 746 2086 fasces
768 2043 943 2107 saevasque
965 2043 1093 2086 secures
1110 2013 1203 2083 ὑὲ

252 2123 382 2189 imbibit
403 2133 438 2191 et
459 2147 587 2211 semper
608 2126 713 2191 victus
735 2125 902 2211 tristisque
923 2108 1067 2233 recedit!

251 2249 327 2290 nam
349 2236 459 2313 petere
481 2228 654 2314 imperium
676 2229 762 2314 quod
784 2228 912 2293 inanest
935 2250 993 2293 nec
1015 2229 1112 2293 datur
1135 2251 1299 2315 umquam,

251 2337 350 2415 atque
372 2330 407 2394 in
427 2352 465 2396 eo
487 2352 614 2416 semper
635 2330 753 2395 durum
776 2330 908 2395 sufferre
930 2330 1081 2407 laborem,

252 2433 310 2497 hoc
333 2441 382 2498 est
404 2433 536 2498 adverso
559 2434 727 2498 nixantem
750 2434 880 2498 trudere
903 2441 1012 2497 monte
1283 2452 1368 2501 1000

251 2559 364 2602 saxum
388 2538 473 2622 quod
495 2544 606 2602 tamen
628 2559 645 2603 e
666 2559 792 2602 summo
814 2537 879 2601 iam
902 2537 1021 2602 vertice
1043 2559 1154 2602 rusum

251 2641 391 2707 volvitur
412 2650 446 2706 et
468 2642 557 2728 plani
580 2642 699 2728 raptim
721 2643 806 2727 petit
827 2664 969 2727 aequora
990 2643 1104 2728 campi
1156 2673 1159 2677 ’

251 2744 368 2810 deinde
389 2745 490 2810 animi
513 2745 675 2832 ingratam
697 2753 848 2809 naturam
871 2767 1000 2830 pascere
1022 2767 1150 2831 semper

164 2960 238 3012 wan.
352 2965 400 3015 983
417 2966 515 3027 cuique.
554 2978 658 3027 eumne
674 2965 696 3013 B
712 2963 804 3014 Leinh.
822 2966 871 3013 etc.
888 2962 1009 3025 wrongly.
1126 2964 1174 3015 985
1192 2966 1258 3027 qrwd
1274 2965 1364 3015 Oamb.

163 3042 237 3093 dunt.
248 3047 296 3092 etc.
310 3043 349 3093 for
359 3045 429 3107 qnid.
560 3046 608 3096 988
624 3047 742 3108 dispessis
757 3044 868 3095 Turneh.
887 3045 927 3094 for
941 3045 1073 3107 dispersis:
1091 3059 1119 3094 so
1134 3044 1184 3095 Ed.
1202 3045 1231 3094 in
1247 3060 1268 3094 11
1286 3047 1362 3096 1126:

163 3139 247 3187 comp.
267 3124 339 3174 Ovid.
358 3127 417 3176 met
438 3125 888 3183 rv458,sndPlsut.miles1407.
941 3128 1064 3188 dispenset
1079 3124 1169 3175 Lamb.
1184 3125 1224 3176 ed.
1241 3129 1263 3177 3.
1301 3128 1363 3191 Ἴος.

163 3204 286 3254 distensis
297 3204 439 3267 dispansis’
453 3205 545 3254 Heins.
561 3204 588 3254 in
603 3221 653 3256 ms.
668 3210 751 3255 notes.
865 3207 913 3257 992
928 3205 999 3255 estB
1015 3220 1080 3256 corr.
1096 3205 1165 3256 Flor.
1177 3207 1209 3256 sl
1221 3207 1262 3256 for
1271 3224 1304 3258 es.
1341 3218 1364 3260 et

163 3286 232 3337 Nice.
362 3287 410 3338 994
426 3289 563 3350 cuppedine
580 3287 656 3338 Pont.
673 3287 762 3339 hamb.
782 3286 886 3350 rightly,
898 3301 928 3338 es
944 3301 961 3335 v
976 3287 1007 3337 45
1025 3303 1052 3336 vr
1069 3288 1109 3338 25.
1160 3290 1293 3352 mnpedine
1310 3291 1363 3341 AB.

164 3372 294 3434 torpedine
309 3371 332 3419 A
345 3385 410 3420 corr.
425 3371 495 3421 Nico.
513 3370 583 3420 Flor.
599 3372 630 3419 31
646 3370 736 3421 Gamb.
751 3371 768 3420 J
769 3375 825 3420 unt.
840 3374 889 3420 etc.
923 3371 1051 3433 torpedine
1063 3369 1127 3423 Ven.
1141 3371 1198 3422 Ald
1214 3371 1293 3421 leit.
1305 3373 1362 3423 who

163 3464 223 3512 says
235 3449 287 3498 ‘Its
302 3465 325 3498 v.
341 3449 422 3498 nostri
437 3454 463 3499 et
478 3449 589 3500 aliorum
605 3450 664 3502 fere.
682 3450 710 3499 in
722 3465 747 3512 q.
760 3466 783 3502 v.
797 3452 942 3514 cuppedine,
955 3449 1024 3511 quod
1035 3449 1175 3512 inrepsisse
1186 3455 1250 3515 puto
1262 3466 1293 3501 ex
1304 3453 1364 3503 eliis

163 3529 226 3581 locis
241 3531 289 3580 inf.
304 3531 348 3581 lib.
361 3533 375 3580 5
392 3534 418 3582 et
433 3532 571 3582 6...contre
586 3532 689 3582 Msrull.
704 3547 736 3583 ex
750 3531 800 3582 hoc
814 3532 870 3582 loco
885 3536 1000 3581 mutaret
1015 3532 1062 3581 inf.
1078 3531 1121 3583 lib.
1140 3534 1155 3582 t
1170 3536 1197 3582 et
1208 3535 1224 3583 6
1236 3538 1363 3598 torpedine

164 3627 210 3675 pro
233 3627 305 3675 eupp.
321 3613 475 3676 supposito’.
509 3613 571 3663 Now
589 3613 633 3663 the
648 3614 722 3663 Junt.
741 3613 815 3663 resds
829 3613 897 3674 here,
912 3628 942 3663 as
957 3613 970 3661 I
985 3612 1052 3663 heve
1067 3612 1131 3674 ssid,
1146 3617 1289 3677 medinm
1307 3619 1363 3668 v45

163 3693 303 3744 andv125
318 3696 456 3758 cupedinis.
489 3694 573 3757 Agsin
588 3694 653 3743 Ven.
665 3700 712 3744 not
723 3694 794 3744 Brix.
806 3709 836 3744 or
847 3696 905 3745 Ver.
918 3697 1045 3758 torpedine
1056 3694 1126 3744 here.
1160 3695 1224 3746 This
1236 3697 1362 3749 therefore

163 3775 248 3825 isone
264 3777 386 3839 ofymany
400 3778 494 3840 prcofs‚
507 3793 578 3827 some
594 3778 623 3826 of
637 3776 721 3827 which
738 3777 752 3825 Ι
766 3777 832 3827 have
847 3778 922 3840 given
939 3778 1083 3836 elsewhere,
1097 3775 1155 3828 that
1174 3778 1295 3830 Gifanius
1310 3781 1362 3832 hsd

163 3858 208 3908 the
224 3858 266 3908 old
283 3858 377 3908 Venice
393 3857 490 3907 edition
506 3859 569 3908 with
592 3859 727 3908 Marullus’
750 3874 797 3909 ms.
823 3863 897 3909 notes
919 3859 1005 3909 before
1027 3861 1091 3921 him,
1108 3862 1161 3913 and
1184 3860 1243 3912 thet
1264 3861 1317 3912 this
1339 3863 1362 3912 is

163 3938 207 3989 the
229 3938 296 3989 book
318 3938 453 4002 belonging
476 3944 502 3990 to
526 3940 670 3990 sambucus
692 3941 720 3990 of
740 3940 825 3990 which
846 3940 880 3990 he
902 3940 995 4003 speaks
1017 3941 1080 3993 both
1103 3942 1131 3993 in
1152 3943 1195 3992 his
1217 3943 1317 4004 prefate
1334 3947 1361 3994 to

163 4021 307 4071 Sambucus
323 4021 430 4072 himself
444 4023 540 4074 andin
557 4023 598 4073 his
616 4023 721 4073 cddress
737 4028 765 4073 to
782 4023 827 4072 the
843 4024 944 4074 resder:
961 4039 1003 4074 see
1020 4025 1099 4076 above
1116 4041 1143 4089 p.
1159 4027 1183 4076 9.
1217 4027 1360 4089 [turpedine

162 4101 234 4152 Mon.
251 4117 280 4152 ss
299 4103 311 4151 I
328 4118 384 4153 now
402 4104 470 4155 find:
493 4105 545 4154 and
562 4105 606 4154 the
622 4109 749 4154 corrector
766 4105 891 4154 Marullus
909 4110 1009 4168 repeats
1025 4107 1070 4155 the
1087 4105 1170 4156 words
1186 4107 1214 4155 in
1232 4121 1312 4169 marg.
1332 4121 1362 4158 ts

162 4185 280 4236 notsble:
300 4188 424 4249 torpedine
441 4190 511 4236 must
526 4186 591 4236 heve
606 4186 670 4236 been
685 4201 720 4236 cn
737 4187 827 4236 earlier
843 4186 934 4235 notion
952 4187 980 4236 of
996 4188 1135 4247 Marullum
1153 4201 1183 4239 ss
1200 4188 1229 4238 in
1239 4204 1256 4238 v
1266 4190 1320 4239 and
1334 4204 1361 4238 vr

161 4263 194 4314 he
210 4267 328 4329 properly
339 4272 448 4317 correcte
465 4268 510 4317 the
526 4282 575 4317 ms.
594 4266 700 4329 reading
717 4271 745 4317 to
762 4270 929 4332 cuppedinis]
979 4269 1042 4319 1001
1060 4285 1074 4319 e
1091 4284 1183 4320 summo
1200 4273 1253 4320 idm
1269 4274 1360 4322 venies

161 4347 237 4397 Pont.
248 4349 343 4399 Arane.
355 4350 395 4400 for
413 4365 504 4400 summo
515 4352 677 4399 iamnertiee.
710 4364 802 4399 sunnio
813 4351 988 4401 ismenem·
1083 4350 1218 4405 81011118.
1229 4367 1293 4403 ssu.
1304 4355 1323 4403 i.
1335 4369 1359 4403 v.
