3008 4800
733 217 782 280 IV

233 399 309 440 saxa
331 377 417 462 paris
441 378 558 440 formas
581 376 753 440 verborum
777 400 816 441 ex
840 379 951 443 ordine
973 380 1118 458 reddant,

232 481 374 566 palantis
396 481 531 543 comites
554 501 652 563 quom
676 481 796 544 montis
819 482 906 546 inter
928 505 1042 567 opacos

233 583 419 667 quaerimus
441 590 476 644 et
500 603 619 666 magna
641 581 801 666 dispersos
826 607 901 648 voce
924 573 1075 664 ciemusl

233 709 290 749 sex
312 685 413 748 etiam
436 692 494 748 aut
518 693 645 769 septem
669 686 737 749 loca
761 688 827 751 vidi
851 689 984 753 reddere
1007 692 1109 766 vocis,-

234 810 333 853 unam
357 811 429 852 eum
455 789 593 853 iaceres:
623 790 671 853 ita
694 791 790 854 eolles
813 792 948 857 collibus
970 794 1033 879 ipsi

234 891 332 954 verba
353 892 555 975 repulsantes
578 892 745 957 iterabant
767 894 863 958 docta
885 883 1018 981 referri}

211 985 314 1085 [haec
337 993 406 1056 loca
428 993 617 1078 capripedes
639 1003 764 1079 satyros
787 998 1012 1083 nymphasque
1035 1008 1143 1064 tenere

213 1093 215 1103 '
233 1095 366 1159 finitimi
388 1096 519 1182 fingunt
541 1104 576 1160 et
599 1097 713 1161 faunos
736 1121 806 1163 esse
829 1099 979 1166 locuntur

234 1222 371 1284 quorum
395 1200 565 1285 noctivago
589 1201 731 1285 strepitu
755 1202 896 1287 ludoque
918 1204 1038 1269 iocanti

234 1302 410 1367 adfirmant
433 1303 526 1390 volgo
549 1303 713 1367 taciturna
736 1304 867 1368 silentia
889 1308 997 1393 rumpi

234 1406 490 1492 chordarumque
513 1428 607 1470 sonos
629 1406 700 1470 fieri
723 1407 892 1494 dulcisque
916 1411 1082 1494 querellas,

234 1509 318 1574 tibia
340 1532 421 1594 quas
443 1510 552 1573 fundit
575 1509 689 1595 digitis
711 1512 842 1596 pulsata
863 1523 1046 1591 canentum,

235 1623 269 1677 et
291 1635 395 1700 genus
417 1611 596 1699 agricolum
618 1613 684 1677 late
707 1614 892 1692 sentiscere,
915 1639 1012 1701 quom
1035 1617 1103 1682 Pan

234 1717 331 1802 pinea
354 1716 497 1780 semiferi
519 1715 637 1801 capitis
661 1717 823 1782 velamina
846 1741 1000 1804 quassans

234 1842 317 1885 unco
339 1841 435 1904 saepe
458 1819 547 1883 labro
570 1820 710 1884 calamos
731 1823 893 1906 percurrit
915 1824 1046 1902 hiantis,

126 1907 129 1912 ¹
235 1923 345 1987 fistula
367 1923 550 1987 silvestrem
573 1945 615 1987 ne
638 1932 743 1988 cesset
766 1925 902 1991 fundere
925 1950 1058 1995 musam.

235 2037 343 2093 cetera
365 2028 405 2092 de
427 2050 546 2114 genere
570 2027 630 2092 hoo
652 2036 799 2092 monstra
821 2051 858 2093 ac
880 2040 1031 2115 portenta
1053 2032 1233 2117 loquentur,

233 2152 274 2192 ne
298 2129 366 2191 loca
389 2128 519 2191 deserta
540 2127 582 2190 ab
606 2126 690 2190 divis
712 2150 842 2213 quoque
866 2129 947 2194 forte
969 2139 1130 2216 putentur

236 2232 303 2296 sola
327 2218 466 2326 tenere}
494 2231 568 2294 ideo
591 2230 716 2294 iactant
739 2231 895 2304 miracula
917 2233 1013 2298 dictis

234 2343 293 2398 aut
316 2335 425 2420 aliqua
450 2335 576 2398 ratione
599 2335 664 2398 alia
686 2335 862 2414 ducuntur,
886 2348 924 2400 ut
946 2359 1039 2402 omne

235 2440 415 2503 humanum
437 2461 541 2526 genus
564 2446 615 2502 est
637 2439 771 2503 avidum
794 2440 891 2504 nimis
914 2425 1151 2547 auricularum}

279 2543 374 2622 Quod
396 2550 553 2628 superest,
576 2565 641 2606 non
664 2551 715 2606 est
737 2543 923 2607 mirandum
945 2565 1010 2628 qua
1032 2545 1163 2620 ratione,

233 2670 292 2732 per
314 2648 383 2711 loca
406 2669 489 2732 quae
512 2654 683 2731 nequeunt
706 2647 791 2710 oculi
813 2669 863 2711 res
886 2670 1014 2712 cernere
1035 2657 1171 2732 apertas,

236 2751 314 2814 haec
337 2751 407 2814 loca
429 2773 488 2835 per
511 2771 604 2813 voces
627 2749 762 2814 veniant
784 2750 936 2836 aurisque
959 2737 1138 2829 lacessenti

235 2854 440 2938 conloquium
463 2852 581 2916 clausis
604 2853 727 2917 foribus
749 2875 878 2938 quoque
901 2875 997 2938 saepe
1018 2854 1173 2931 videmus,

235 2957 389 3020 nimirum
413 2957 490 3041 qnia
513 2978 574 3019 vox
598 2978 656 3040 per
679 2955 763 3019 flexa
786 2956 943 3020 foramina
965 2979 1072 3021 rerum

234 3060 406 3124 incolumis
428 3059 566 3124 transire
588 3067 708 3146 potest,
730 3059 902 3123 simulacra
925 3069 1097 3140 renutant3
1289 3068 1354 3128 600

234 3164 485 3250 perscinduntur
507 3164 604 3240 enim,
626 3163 691 3227 nisi
712 3172 802 3227 recta
825 3164 981 3229 foramina
1003 3173 1143 3242 tranant,

232 3269 341 3354 qualia
364 3277 441 3332 sunt
464 3268 569 3344 vitrei,
592 3268 715 3353 species
739 3290 804 3353 qua
826 3269 965 3333 travolat
987 3269 1099 3334 omnis,

148 3475 247 3524 Beorr.
261 3473 325 3522 Mar.
339 3473 378 3521 lor
391 3473 463 3533 lepis.
499 3469 649 3532 lapieNiec.
683 3469 765 3519 Lech.
778 3469 902 3518 asInovv
913 3469 991 3519 think
1002 3469 1110 3519 without
1123 3471 1249 3522 sufficient
1261 3488 1352 3523 reason

149 3553 553 3618 seperatesaolidisadliaolrom
567 3554 637 3601 locta
794 3554 842 3603 577
853 3555 934 3602 vocis:
952 3567 993 3601 see
1005 3567 1031 3600 n.
1044 3553 1151 3603 t01744
1158 3557 1250 3617 scepta
1284 3572 1354 3606 voces
1445 3556 1451 3568 ‘

147 3638 226 3688 Lech.
240 3637 308 3698 vulg.
457 3636 505 3686 578
520 3637 580 3697 ipsi.
615 3637 678 3697 ipsis
695 3649 744 3684 one
761 3634 819 3684 Vat.
835 3635 907 3684 Mon.
920 3635 977 3683 Ver.
991 3635 1069 3684 Ven:
1086 3635 1167 3684 hence
1177 3636 1234 3685 Ald.
1249 3638 1262 3684 l
1277 3638 1351 3688 Junt.

147 3720 216 3781 vulg.
228 3719 313 3767 before
325 3717 399 3766 Wak.
500 3718 548 3768 579
561 3718 634 3766 docta
646 3717 737 3778 referri
747 3716 828 3765 Lech.
842 3717 882 3765 for
893 3717 964 3766 dicta
974 3718 1072 3778 referri.
1101 3717 1171 3766 dicto
1183 3719 1274 3780 referre
1286 3719 1351 3768 Mar.

147 3803 220 3851 Junt.
232 3801 301 3862 vulg.
335 3803 388 3848 icto
399 3801 492 3862 referre
504 3798 590 3846 Bentl.
624 3797 712 3846 totuis
725 3797 781 3846 also
794 3797 822 3845 in
835 3798 906 3846 Mon.
1036 3798 1083 3846 582
1095 3800 1189 3846 iocanti
1201 3799 1224 3846 A
1234 3813 1298 3850 corr.
1313 3801 1352 3849 for

150 3886 252 3934 meanti.
374 3884 421 3932 587
433 3882 560 3931 velamina
574 3880 645 3928 Nico.
658 3880 727 3928 Flor.
741 3881 771 3928 31
785 3879 875 3929 (lamb.
891 3879 962 3929 Mon.
975 3879 1042 3941 vulg.
1055 3879 1093 3927 lor
1104 3881 1234 3929 alleluiae.
1271 3883 1351 3931 volla-

147 3964 216 4011 mina
228 3960 319 4010 Heins.
332 3959 360 4008 in
372 3975 421 4007 ms.
435 3962 517 4016 notes,
531 3959 566 4007 Is.
579 3957 652 4008 Voss.
666 3958 696 4006 in
708 3972 757 4006 ms.
770 3963 854 4018 notes,
870 3957 943 4006 Wak.
1079 3957 1126 4006 590
1139 3959 1228 4006 Cetera
1239 3958 1307 4008 Flor.
1321 3963 1351 4008 31

148 4041 236 4091 Oamb.
247 4042 311 4090 Mar.
325 4041 365 4090 lor
376 4042 473 4089 Petere.
581 4039 629 4090 594
641 4042 717 4088 nimie
726 4041 908 4088 auricularem.
942 4040 1014 4087 nimi'
1026 4039 1183 4087 anteactorum
1194 4039 1273 4088 Lech.
1287 4042 1352 4091 efter

147 4126 244 4174 Bentt:
263 4124 346 4173 thiais
354 4139 412 4173 now
420 4122 464 4172 the
473 4121 544 4171 third
554 4122 618 4171 time
626 4120 660 4171 he
671 4121 719 4170 hae
728 4120 882 4170 introduced
894 4121 950 4169 into
962 4118 1003 4168 hie
1015 4122 1069 4168 text
1080 4117 1124 4168 the
1134 4119 1200 4168 form
1212 4123 1351 4182 miracleae,

148 4206 231 4255 which
243 4207 265 4254 is
276 4211 323 4255 not
335 4222 398 4255 once
410 4207 491 4255 found
502 4206 530 4254 in
541 4204 587 4254 the
599 4219 663 4254 mss.
676 4206 705 4255 of
714 4205 791 4253 Lucr.
842 4211 847 4219 ‘
893 4205 940 4254 598
951 4203 1070 4250 videmur.
1110 4202 1350 4256 ubidemostanm

147 4289 193 4338 but
206 4291 371 4351 conloquium
381 4291 475 4337 clausis
486 4288 587 4349 foribus
599 4287 775 4337 vtaemes=e
787 4288 819 4335 cl.
832 4288 857 4348 f.
869 4287 932 4347 fieri·
944 4302 966 4336 v.
980 4284 1033 4333 and
1045 4285 1068 4333 is
1080 4287 1126 4332 not
1138 4283 1182 4333 the
1194 4299 1264 4334 same
1276 4286 1351 4350 thing

148 4372 175 4418 at
190 4369 225 4418 all
240 4384 270 4418 as
286 4370 452 4431 Conloquium
465 4370 587 4418 videmus.
623 4368 687 4416 Oum
704 4368 830 4428 metimur
844 4367 939 4414 clausit
950 4365 1058 4427 foribus,
1073 4364 1137 4426 qvtod
1152 4378 1224 4426 saepe
1239 4368 1351 4416 videmus

1161 4450 1264 4511 12-2
