3008 4800
715 192 765 265 VI

216 386 322 429 nonne
346 363 436 427 vides
457 360 590 426 audisve
612 363 716 447 perire
739 361 774 425 in
797 370 941 446 tempore
964 384 1061 447 parvo

217 489 317 553 quam
338 466 464 530 soleant
487 474 521 530 et
543 487 640 550 quam
664 465 744 529 vitai
766 464 858 549 copia
880 464 974 540 desit,

216 592 297 656 quos
319 591 415 654 opere
438 569 473 632 in
495 569 554 633 tali
576 569 705 633 cohibet
727 568 776 632 vis
798 591 916 654 magna
938 568 1075 633 necessis
1089 524 1115 682 ll
1273 576 1337 653 815

218 673 275 736 hos
297 671 400 757 igitur
422 672 520 735 tellus
543 671 646 734 omnis
669 679 840 735 exaestuat
862 679 970 736 aestus

218 774 410 861 expiratque
433 776 515 838 foras
537 774 572 837 in
594 783 744 858 apertum
766 783 979 860 promptaque
1001 775 1089 838 caeli.

261 879 317 944 Sic
339 888 374 944 et
396 880 527 962 Averna
548 879 618 955 loca
638 877 772 943 alitibus
793 878 998 944 summittere
1020 879 1141 943 debent

219 982 419 1045 mortiferam
442 981 518 1056 vim,
539 979 580 1045 de
603 987 690 1044 terra
712 1002 795 1065 quae
817 981 923 1066 surgit
945 981 980 1044 in
1002 1002 1103 1056 auras,

219 1092 258 1148 ut
281 1084 426 1170 spatium
449 1083 529 1147 caeli
551 1082 691 1167 quadam
713 1082 755 1175 de
775 1090 869 1167 parte
892 1092 1031 1159 venenet
1043 1105 1050 1162 ;
1272 1087 1342 1150 820

220 1208 284 1272 quo
307 1187 404 1251 simul
428 1209 465 1250 ac
488 1185 629 1270 primum
651 1184 768 1269 pennis
790 1185 900 1249 delata
921 1185 964 1249 sit
986 1187 1061 1262 alce,

220 1290 420 1376 impediatur
442 1288 489 1353 ibi
510 1310 603 1352 caeco
625 1296 773 1373 correpta
794 1310 927 1366 veneno,

221 1400 260 1457 ut
282 1393 379 1456 cadat
400 1413 419 1456 e
442 1390 573 1477 regione
595 1391 665 1468 loci,
688 1412 754 1477 qua
775 1391 893 1475 derigit
915 1357 1043 1479 aestusl

221 1518 286 1582 quo
308 1517 383 1559 cum
406 1495 542 1572 conruit,
564 1495 616 1558 hic
638 1495 752 1559 eadem
774 1494 823 1558 vis
845 1494 932 1559 illius
953 1504 1062 1560 aestus

220 1599 374 1684 'reliquias
397 1598 485 1663 vitae
507 1598 660 1662 membris
682 1621 722 1663 ex
744 1597 894 1662 omnibus
916 1572 1035 1692 aufertl
1276 1604 1339 1682 825

221 1702 343 1788 quippe
366 1702 489 1766 etenim
511 1702 615 1787 primo
637 1701 730 1788 quasi
752 1701 914 1787 quendam
936 1701 1061 1766 conciet
1082 1709 1230 1782 aestum3

221 1809 383 1894 posterius
406 1806 445 1872 fit
467 1806 526 1883 uti,
548 1828 622 1869 cum
644 1805 710 1869 iam
733 1804 875 1870 cecidere
898 1806 1015 1870 veneni

223 1911 257 1974 in
280 1910 380 1975 fontis
402 1910 497 1996 ipsos,
519 1909 566 1973 ibi
587 1909 632 1973 sit
653 1930 782 1994 quoque
804 1909 874 1973 vita
894 1903 1053 1974 vomenda

223 2022 396 2100 propterea
417 2013 504 2099 quod
526 2036 644 2100 magna
666 2013 744 2077 mali
766 2014 806 2079 fit
828 2013 920 2100 copia
942 1984 1083 2102 circumi

268 2119 324 2182 Fit
346 2140 474 2204 quoque
497 2127 535 2182 ut
556 2117 721 2182 interdum
744 2118 794 2182 vis
816 2118 895 2183 haec
917 2127 1016 2205 atque
1038 2128 1147 2183 aestus
1169 2119 1294 2183 Averni

140 2228 143 2279 ἶ
224 2245 308 2300 aera,
331 2224 388 2308 qui
410 2223 497 2287 inter
518 2223 586 2287 avis
609 2231 781 2308 cumquest
803 2231 987 2309 terramque
1009 2226 1139 2300 locatus,
1278 2228 1341 2307 831

224 2327 389 2402 discutiat,
411 2348 510 2411 prope
534 2326 583 2390 uti
605 2326 694 2390 locus
716 2325 769 2389 hio
784 2325 958 2411 'linquatur
979 2300 1106 2415 inanisl

227 2430 321 2495 cuius
345 2429 402 2494 ubi
425 2451 443 2493 e
466 2429 597 2516 regione
620 2429 681 2494 loci
703 2451 821 2494 venere
842 2431 997 2508 volantes,

225 2534 387 2599 claudicat
409 2534 573 2619 extemplo
595 2534 769 2619 pinnarum
791 2533 881 2599 nisus
904 2534 1009 2599 inanis

226 2646 261 2702 et
283 2658 441 2701 conamen
463 2636 628 2722 utrimque
650 2637 774 2701 alarum
798 2638 945 2722 proditur
967 2596 1080 2757 omne,
1279 2642 1341 2720 835

228 2742 280 2806 hic
303 2741 361 2806 ubi
383 2740 489 2804 nixari
511 2749 679 2827 nequeunt
701 2741 914 2828 insistereque
936 2742 1003 2816 alis,

227 2846 350 2910 scilicet
372 2845 407 2908 in
430 2852 551 2908 terram
572 2845 680 2908 delabi
701 2844 842 2929 pondere
864 2847 952 2932 cogit

227 2957 354 3025 natura,
377 2957 411 3013 et
434 2971 570 3013 vacuum
594 2971 694 3035 prope
715 2949 781 3013 iam
803 2972 861 3035 per
882 2951 978 3015 inane
1000 2951 1140 3015 iacentes

228 3053 422 3138 dispergunt
445 3053 570 3115 animas
593 3074 650 3136 per
672 3053 781 3117 caulas
803 3054 941 3138 corporis
963 3031 1090 3169 omnis]

709 3180 728 3218 ἕ

228 3259 374 3345 frigidior
395 3281 489 3344 porro
512 3258 547 3322 in
569 3259 677 3344 puteis
699 3267 824 3324 aestate
846 3259 885 3323 fit
908 3283 1007 3338 umor,
1215 3330 1217 3333 ,
1281 3265 1348 3341 840

134 3459 220 3524 Ῥοιιι.
232 3472 273 3522 lor
284 3479 396 3532 arpenta.
538 3472 586 3520 813
597 3473 701 3520 audisve
712 3471 780 3521 Flor.
796 3473 826 3521 31
838 3471 926 3522 Oamb.
941 3472 1004 3522 Mar.
1020 3472 1059 3520 for
1070 3473 1167 3521 audire.
1298 3474 1348 3523 sit

144 3557 249 3627 meraris
260 3553 341 3603 Lach.
352 3554 393 3603 for
403 3560 532 3603 necessest.
630 3554 679 3605 817
690 3561 803 3617 apertum
813 3554 843 3603 B.
877 3563 965 3617 aperio
976 3556 998 3603 A
1009 3555 1078 3604 Nico.
1090 3555 1157 3616 vulg.
1172 3552 1257 3603 before
1267 3553 1349 3605 Lech.

137 3643 280 3697 apertaque
292 3632 361 3680 Flor.
373 3633 414 3680 31.
518 3633 610 3681 81311.
643 3647 674 3681 ec
685 3631 764 3682 Lach.
779 3645 837 3680 ever
848 3631 987 3681 intolerant
999 3631 1027 3681 ol
1037 3639 1060 3680 ct
1072 3632 1113 3681 for
1123 3634 1207 3681 etium.
1241 3633 1348 3692 alitibus

142 3716 252 3765 1116131
265 3715 355 3764 01111).
371 3713 436 3764 Mar.
449 3714 490 3764 for
500 3717 625 3764 malichus.
787 3716 835 3766 829
842 3716 884 3777 fit.
919 3718 954 3764 sit
964 3715 1037 3765 lunt.
1052 3714 1143 3764 Lumbi
1154 3714 1237 3776 vulga
1255 3728 1271 3762 a
1282 3714 1347 3765 sole·

137 3798 217 3849 ‘oism
249 3817 252 3826 .
317 3799 366 3847 832
378 3799 419 3846 hic
429 3797 503 3845 Mon.
515 3811 539 3859 p.
551 3812 587 3846 11.
598 3796 678 3846 Lech.
690 3798 730 3846 for
742 3799 807 3848 hinc.
845 3796 1349 3861 111111111111101.31011111.1161.1161.

136 3881 209 3929 Mar.
222 3880 263 3930 for
274 3881 409 3942 linquitur.
493 3879 541 3929 840
552 3879 647 3940 clearly
659 3879 806 3942 something
816 3879 840 3928 is
851 3881 966 3942 wanting
976 3884 1002 3928 to
1015 3883 1122 3929 connect
1134 3878 1188 3930 this
1197 3893 1270 3928 verse
1281 3877 1348 3929 with

144 3963 213 4013 what
229 3961 357 4026 precedes.
390 3960 470 4013 Lech.
490 3961 539 4012 has
556 3961 650 4024 proved
667 3961 725 4012 that
742 3976 759 4010 a
775 3976 831 4010 new
846 3962 906 4020 leaf,
924 3963 968 4012 the
988 3964 1079 4024 142nd,
1098 3963 1127 4012 of
1147 3962 1191 4012 the
1210 3961 1349 4024 archetype

137 4039 227 4105 ¹began
239 4042 314 4092 here:
332 4043 360 4092 iu
372 4042 408 4092 all
419 4042 576 4105 probability
587 4043 651 4092 then
666 4058 716 4092 one
731 4043 784 4092 leaf
798 4042 851 4094 had
862 4043 975 4107 dropped
992 4047 1036 4093 out
1048 4043 1074 4092 in
1086 4043 1140 4093 this
1150 4045 1230 4106 place.
1263 4043 1344 4095 Lech.

143 4125 238 4174 inserts
250 4124 310 4174 tour
324 4124 477 4187 fragments,
491 4125 548 4174 Nou
562 4127 625 4174 mihi
642 4127 666 4174 si
684 4126 787 4186 lirrpuae
798 4133 895 4174 centum
908 4129 961 4174 siut
975 4141 1067 4188 oraque
1082 4134 1186 4183 camum,
1198 4129 1279 4175 Aureo
1291 4141 1348 4174 vox.

147 4207 271 4256 Meruibu’
284 4207 380 4269 frique.
416 4209 585 4270 Garueraeque
601 4209 716 4256 cominu.
749 4208 788 4257 Ne
808 4210 916 4257 oblimet.
951 4208 1006 4256 The
1023 4208 1080 4256 first
1097 4207 1223 4269 certainly
1238 4221 1350 4269 appears

144 4287 297 4338 Lucretian:
315 4288 400 4338 where
415 4289 436 4338 it
453 4304 526 4338 came
543 4290 571 4338 in
587 4289 633 4339 the
648 4304 732 4352 poem,
752 4292 848 4338 cannot
865 4289 896 4340 be
912 4289 984 4348 said;
1000 4289 1045 4340 the
1062 4293 1114 4339 rest
1121 4297 1172 4352 {are
1187 4303 1247 4352 very
1258 4289 1349 4339 doubt-

139 4370 191 4421 111.
223 4387 224 4391 ’
325 4371 375 4420 340
393 4373 446 4432 Qua
462 4371 486 4420 is
503 4372 615 4433 prefixed
633 4376 660 4421 to
677 4373 810 4433 Frisium·
826 4371 855 4420 in
871 4373 900 4428 A.
920 4387 968 4421 uae
987 4372 1040 4438 (ie.
1061 4370 1227 4437 1161611113,
1246 4371 1352 4435 Gurby
