3008 4800
686 183 717 246 V

177 348 249 404 tum
272 363 365 426 porro
388 363 477 425 puer,
500 350 539 405 ut
561 342 666 407 saevis
688 342 852 428 proiectus
874 344 915 408 ab
938 345 1034 409 undis

175 443 295 519 navita,
318 443 426 508 nudus
449 443 542 507 humi
565 444 659 522 iacet,
680 445 798 522 infans,
820 447 951 534 indigus
974 449 1059 512 omni

176 546 269 610 vitali
291 547 422 623 auxilio,
444 570 519 611 cum
543 548 686 632 primum
709 548 744 612 in
768 549 901 613 luminis
923 573 993 615 oras

176 649 307 715 nixibus
329 672 369 713 ex
391 650 464 715 alvo
489 651 601 716 matris
624 660 744 716 natura
766 654 918 738 profudit,

176 752 353 838 vagituque
376 751 482 816 locum
506 752 639 839 lugubri
661 755 812 839 complet,
835 764 874 819 ut
889 764 1041 820 aecumst

176 856 229 921 cui
251 863 382 920 tantum
404 857 440 920 in
461 856 529 920 vita
551 866 654 923 restet
677 859 816 922 transire
839 859 1005 923 malorum.

176 968 211 1024 at
233 960 341 1024 variae
363 973 512 1026 crescunt
534 962 677 1048 pecudes
698 970 848 1026 armenta
870 963 1021 1048 feraeque

176 1082 235 1124 nec
257 1061 465 1147 crepitacillis
487 1084 569 1147 opus
591 1071 643 1126 est
666 1085 727 1126 nec
749 1061 903 1148 cuiquam
925 1062 1140 1126 adhibendast

175 1163 279 1227 almae
301 1163 439 1228 nutricis
461 1164 582 1229 blanda
604 1172 704 1250 atque
727 1165 865 1230 infracta
888 1166 1027 1252 loquella

176 1286 235 1328 nec
257 1265 362 1330 varias
384 1277 547 1352 quaerunt
571 1275 678 1332 vestes
700 1289 759 1352 pro
782 1276 928 1354 tempore
950 1268 1039 1345 caeli,

175 1366 316 1451 denique
338 1391 404 1433 non
426 1369 525 1434 armis
547 1391 630 1455 opus
652 1379 710 1447 est,
734 1391 799 1434 non
822 1370 990 1435 moenibus
1012 1369 1097 1446 altis

153 1470 156 1476 ’
176 1470 233 1556 qui
254 1493 315 1536 sua
336 1480 499 1551 tutentur,
521 1472 652 1558 quando
674 1472 826 1538 omnibus
847 1457 957 1538 omnia
980 1473 1067 1560 large

176 1575 274 1640 tellus
295 1575 366 1662 ipsa
386 1577 475 1661 parit
497 1587 680 1663 naturaque
702 1577 839 1641 daedala
860 1555 1012 1687 rerumJ'

219 1680 380 1768 Principio
403 1682 558 1768 quoniam
581 1682 679 1748 terrai
702 1705 818 1768 corpus
840 1690 875 1746 et
897 1704 990 1746 umor
1070 1700 1071 1703 ’

176 1771 392 1870 aurarumque
415 1786 502 1851 leves
524 1785 653 1850 animae
676 1784 838 1871 calidique
861 1807 1002 1871 vapores,

176 1908 194 1950 e
216 1886 335 1972 quibus
357 1888 437 1953 haec
458 1911 568 1953 rerum
591 1888 767 1953 consistere
789 1910 918 1953 summa
940 1888 1077 1963 videtur,

176 1990 285 2053 omnia
304 1991 417 2056 nativo
440 2015 477 2057 ac
499 1991 631 2057 mortali
652 2014 784 2078 corpore
806 2000 966 2069 constant,

175 2091 273 2158 debet
295 2095 410 2159 eodem
432 2096 538 2161 omnis
560 2095 676 2160 mundi
697 2104 818 2160 natura
838 2097 957 2181 putari.

173 2196 293 2282 quippe
316 2198 439 2263 etenim
463 2221 600 2285 quorum
623 2199 726 2285 partis
749 2207 784 2263 et
806 2200 953 2265 membra
976 2198 1121 2263 videmus
1230 2216 1294 2279 240

175 2320 304 2384 corpore
326 2301 438 2385 nativo
461 2324 498 2366 ac
511 2302 714 2388 *mortalibus
736 2324 806 2367 esse
829 2302 950 2389 figuris,

175 2404 254 2468 haec
276 2405 390 2470 eadem
414 2406 514 2470 ferme
538 2405 688 2471 mortalia
710 2407 872 2470 cernimus
895 2428 964 2470 esse

174 2513 208 2571 et
229 2508 342 2572 nativa
364 2484 486 2596 simull
500 2520 699 2595 quapropter
722 2510 864 2572 maxima
885 2508 999 2573 mundi

173 2632 248 2675 oum
270 2611 398 2676 videam
423 2613 567 2677 membra
589 2635 627 2677 ac
649 2613 752 2698 partis
774 2621 965 2698 consumpta
987 2610 1120 2698 regigni,

173 2714 253 2778 scire
276 2714 352 2779 licet
374 2715 456 2780 caeli
478 2737 608 2801 quoque
630 2715 712 2781 item
735 2723 906 2801 terraeque
928 2715 1027 2780 fuisse
1229 2729 1289 2794 245

173 2814 362 2900 principiale
384 2816 515 2901 aliquod
538 2811 670 2902 tempirs
692 2816 882 2902 clademque
906 2815 1059 2880 futuram.-

216 2918 305 2983 Illud
326 2919 362 2983 in
384 2920 436 2985 his
458 2921 555 2985 rebus
578 2943 620 2986 ne
642 2920 834 3006 corripuisse
856 2919 956 2984 rearis

172 3043 224 3086 me
247 3021 338 3099 mihi,
360 3022 447 3109 quod
470 3032 589 3088 terram
613 3032 714 3110 atque
736 3023 846 3110 ignem
870 3021 1019 3087 mortalia
1040 3021 1163 3106 sumpsi

77 3140 80 3146 '
111 3205 113 3210 .
172 3147 240 3190 esse
262 3148 368 3212 neque
391 3150 538 3193 umorem
561 3127 712 3192 dubitavi
733 3149 893 3212 aurasque
915 3125 1019 3213 perire

171 3237 270 3314 atque
292 3229 406 3296 eadem
428 3231 522 3319 gigni
543 3254 720 3317 rursusque
742 3253 915 3318 augescere
937 3229 1013 3308 dixi,
1229 3243 1291 3309 250

172 3331 329 3418 principio
352 3356 427 3419 pars
449 3334 549 3399 terrai
571 3334 737 3411 nonnulla,
758 3341 893 3419 perusta

171 3435 292 3500 solibus
314 3436 468 3515 adsiduis,
491 3437 597 3501 multa
619 3436 749 3522 pulsata
771 3435 893 3521 pedum
916 3435 956 3510 vi,

85 3668 154 3721 uis:
171 3671 244 3723 Junt.
259 3687 289 3722 as
301 3671 358 3722 Alo.
372 3675 386 3721 l
398 3672 448 3722 has
459 3675 576 3724 avidam:
594 3674 642 3723 but
653 3674 681 3723 in
693 3689 774 3736 marg.
790 3673 819 3723 of
834 3673 906 3723 Mon.
924 3674 1038 3722 ‘avidam
1051 3673 1160 3736 partcm'
1175 3671 1198 3720 is
1212 3671 1290 3721 noted

84 3766 113 3801 aa
126 3755 235 3814 strange.
395 3756 443 3807 227
460 3763 536 3805 restet
548 3757 658 3805 transire
671 3755 793 3804 Lactant.
806 3754 858 3804 and
870 3755 940 3804 Nico.
953 3755 992 3803 lor
1003 3769 1030 3803 re
1042 3761 1066 3802 et
1079 3754 1218 3812 transirem,
1231 3751 1290 3802 that

85 3831 214 3894 curiomly
226 3832 344 3894 frequent
356 3834 467 3883 blunder
476 3836 503 3884 of
514 3834 571 3883 AB:
590 3849 633 3885 see
644 3849 671 3883 rr
683 3837 741 3886 783.
831 3836 879 3886 239
897 3835 980 3883 eodem
990 3835 1070 3883 omnir
1082 3833 1133 3882 Gir.
1145 3831 1240 3894 rightly
1251 3832 1291 3883 for

84 3913 168 3961 eadem
179 3915 266 3970 oman,
279 3913 332 3962 and
343 3914 429 3964 before
440 3913 496 3962 him
508 3913 553 3963 the
565 3914 639 3964 Paris
651 3915 691 3964 ed.
704 3916 732 3964 ol
743 3915 814 3964 Pius.
852 3922 905 3964 tota
915 3915 1000 3963 eadem
1009 3913 1099 3964 Lamb.
1242 3915 1289 3962 241

82 3995 171 4042 nonve
186 4009 216 4042 ac
231 3996 378 4043 uwrtolibur
394 3995 475 4044 Lech.
491 3995 530 4045 for
545 3998 659 4044 uotioom
671 3997 831 4044 mortalibus:
849 4001 896 4043 not
912 3994 1055 4056 Naugerius
1070 3993 1126 4042 who
1142 3993 1189 4041 has
1203 3995 1289 4042 nativo

83 4076 238 4123 mortalibus.
272 4079 360 4125 nativo
372 4084 397 4125 et
408 4079 557 4126 nwrtalitua
568 4077 664 4128 Avanc.
680 4077 708 4125 in
720 4080 795 4126 notes
811 4079 839 4124 at
854 4076 905 4125 end
918 4076 946 4125 of
962 4074 1003 4123 his
1019 4074 1145 4135 Catullus,
1158 4073 1210 4122 and
1221 4074 1288 4136 vulg.

82 4158 169 4205 arctico
179 4158 209 4205 in
219 4159 365 4206 mortalibus
377 4157 443 4208 Mar.
544 4159 593 4207 245
609 4161 671 4208 item
681 4158 767 4207 Bentl.
781 4159 820 4206 for
830 4160 904 4207 idem.
998 4157 1046 4205 248
1062 4157 1103 4205 Me
1114 4157 1177 4204 milri
1189 4156 1210 4204 B
1222 4159 1290 4205 most

81 4235 186 4302 rightly.
219 4240 325 4289 Memini
341 4239 373 4288 Δ.
407 4241 509 4289 Memmi
526 4241 610 4303 vulg.:
629 4240 711 4290 hence
728 4241 821 4289 Lamb.
838 4257 875 4290 rue
892 4241 1028 4303 arripuisse
1044 4241 1083 4289 for
1099 4241 1244 4301 corripuisse
1261 4237 1289 4287 in

81 4318 138 4370 247.
258 4321 305 4370 251
322 4337 372 4370 non
382 4324 457 4371 uallo
467 4321 538 4371 Nico.
551 4323 641 4372 Camb.
654 4322 712 4372 Ver.
726 4322 791 4371 Ven.
804 4322 869 4371 Mar.
881 4323 920 4370 for
932 4337 980 4372 nou
990 4323 1052 4372 ullo.
1169 4321 1216 4370 257
1233 4320 1289 4370 olid

165 4419 202 4469 M.
1162 4407 1201 4468 14
