3008 4800
724 216 776 280 IV

242 403 333 444 mens
354 380 456 443 animi
479 378 604 464 vigilat,
626 379 690 441 nisi
713 379 800 463 quod
822 379 994 442 simulacra
1016 378 1175 442 lacessunt

242 485 321 548 haec
342 484 455 548 eadem
477 491 605 546 nostros
627 484 753 546 animos
775 505 858 568 quae
881 505 956 548 cum
980 484 1159 570 vigilamus,

242 585 454 670 usqueadeo,
476 594 564 648 certe
587 594 626 649 ut
649 585 819 650 videamur
839 609 970 651 cernere
993 610 1068 651 eum
1092 610 1187 672 quem
1295 593 1358 668 760

241 689 365 751 rellicta
387 687 456 750 vito
477 689 543 750 iam
567 709 652 751 mors
675 699 710 752 et
732 697 820 752 terra
842 665 1007 777 potitustl

241 791 301 854 hoc
322 790 395 854 ideo
418 791 488 853 fieri
509 791 597 876 cogit
620 799 747 866 natura,
769 792 857 876 quod
880 814 991 856 omnes

241 892 378 976 corporis
401 892 510 956 offecti
531 914 645 957 sensus
666 915 725 978 per
747 894 895 957 membra
917 895 1088 979 quiescunt

241 1015 299 1057 nec
321 1001 457 1078 possunt
480 994 596 1058 falsum
620 996 705 1059 veris
727 996 917 1059 convincere
940 974 1068 1078 rebusl

240 1105 407 1181 praeterea
427 1098 614 1162 meminisse
637 1099 721 1163 iacet
744 1100 944 1186 languetque
967 1121 1079 1184 sopore
1293 1103 1352 1181 765

240 1220 298 1262 nec
320 1199 472 1264 dissentit
495 1222 571 1264 eum
594 1202 709 1266 mortis
731 1202 856 1287 letique
879 1201 1022 1286 potitum

240 1302 304 1365 iarn
327 1303 461 1388 pridem,
484 1326 582 1389 quem
605 1327 698 1370 mens
720 1305 829 1369 vivom
851 1327 885 1370 se
909 1327 1038 1370 cernere
1060 1281 1187 1419 credit.)

240 1408 324 1491 quod
347 1417 503 1493 superest,
526 1430 592 1471 non
614 1417 665 1473 est
686 1410 807 1473 mirum
830 1409 1002 1473 simulacra
1023 1407 1144 1472 moveri

240 1510 451 1596 bracchiaque
472 1513 508 1575 in
529 1534 703 1577 numerum
726 1513 847 1578 iactare
870 1521 905 1577 et
926 1521 1034 1577 cetera
1056 1512 1217 1590 membra3

240 1636 314 1677 narn
337 1615 375 1678 fit
398 1615 493 1678 utin
515 1615 637 1679 somnis
660 1617 765 1680 facere
787 1614 1021 1681 hoc'videatnr
1042 1616 1165 1701 imago;
1292 1630 1356 1695 770

240 1720 360 1804 quippe
382 1719 441 1783 ubi
462 1719 568 1805 prima
590 1720 677 1805 perit
698 1721 826 1806 alioque
849 1729 900 1785 est
922 1721 1025 1785 altera
1046 1727 1124 1783 nata

239 1823 314 1887 inde
336 1831 434 1899 statu,
457 1824 543 1909 prior
565 1823 619 1887 hic
640 1833 772 1910 gestum
795 1833 938 1889 mutasse
960 1805 1112 1914 videtur!

238 1926 360 1990 scilicet
381 1925 415 1990 id
438 1925 507 1990 fieri
529 1926 625 1991 celeri
647 1927 773 1992 ratione
795 1929 1030 2013 putandumst:

239 2038 331 2094 tanta
353 2039 404 2095 est
428 2030 591 2094 mobilitas
614 2039 648 2095 et
671 2053 780 2095 rerum
803 2032 896 2116 copia
918 2040 1011 2118 tanta

238 2139 394 2217 tantaque
416 2132 562 2197 sensibili
586 2133 700 2218 quovis
723 2141 773 2197 est
795 2141 942 2218 tempore
964 2134 999 2197 in
1022 2155 1086 2197 uno
1291 2145 1350 2212 775

238 2235 330 2319 copia
351 2237 592 2320 particularum,
615 2245 654 2301 ut
676 2238 779 2322 possit
801 2219 1040 2323 suppeditare.)

281 2340 466 2425 [Multaque
488 2341 523 2404 in
545 2341 597 2405 his
619 2342 717 2406 rebus
740 2351 943 2427 quaeruntur
964 2342 1131 2427 multaque
1154 2341 1245 2405 nobis

238 2441 464 2521 clarandumst,
486 2443 583 2528 plane
605 2444 633 2508 si
656 2466 707 2508 res
730 2466 892 2529 exponere
914 2426 1080 2524 avemusl
1132 2471 1135 2474 ⁴

238 2546 406 2629 quaeritur
427 2546 462 2611 in
484 2546 598 2632 primis
621 2569 730 2632 quare,
753 2548 839 2633 quod
862 2549 980 2633 cuique
1002 2546 1102 2611 libido

238 2649 370 2725 venerit,
392 2650 556 2735 extemplo
579 2673 672 2715 mens
694 2652 817 2737 cogitet
840 2652 911 2715 eius
934 2651 968 2715 id
991 2636 1126 2743 ipsum}
1290 2651 1353 2726 780

238 2773 321 2815 aune
344 2752 545 2818 voluntatem
569 2761 713 2817 nostram
736 2754 909 2818 simulacra
931 2762 1067 2818 tuentur

237 2864 271 2919 et
293 2856 390 2920 simul
413 2878 451 2919 ac
472 2856 621 2921 volumus
644 2858 738 2922 nobis
760 2859 899 2922 occurrit
921 2858 1036 2943 imag0,

237 2959 264 3022 si
286 2982 383 3037 mare,
405 2960 433 3024 si
457 2968 572 3024 terrast
594 2961 690 3038 cordi,
713 2962 741 3026 si
764 2962 907 3048 denique
929 2963 1054 3028 caelum
1069 2920 1101 3054 ll

237 3070 414 3126 conventus
437 3062 606 3126 hominum
630 3087 782 3150 pompam
805 3065 953 3130 convivia
974 3087 1107 3151 pugnas,

237 3165 345 3228 omnia
365 3165 426 3229 sub
448 3166 588 3230 verbone
610 3175 699 3231 creat
721 3178 840 3231 natura
862 3176 1020 3253 paratque
1033 3149 1060 3287 21
1289 3168 1348 3247 785

236 3290 309 3331 cum
332 3269 522 3353 praesertim
544 3269 618 3333 aliis
640 3271 754 3334 eadem
777 3272 812 3335 in
835 3271 965 3358 regione
989 3271 1118 3356 locoque

236 3370 329 3456 longe
351 3372 516 3436 dissimilis
538 3374 667 3438 animus
690 3397 741 3438 res
763 3375 886 3460 cogitet
909 3349 1038 3480 omnis]

236 3475 314 3559 quid
337 3497 438 3560 porr0,
460 3475 494 3539 in
517 3498 690 3541 numerum
714 3479 886 3562 procedere
908 3501 982 3543 cum
1005 3477 1175 3541 simulacra

236 3577 395 3641 cernimus
417 3576 453 3640 in
475 3578 595 3642 somnis
617 3587 651 3643 et
675 3580 785 3644 mollia
807 3580 953 3644 membra
975 3601 1110 3656 movere,

235 3680 344 3745 mollia
366 3681 530 3746 mobiliter
551 3684 782 3748 cunr-alternis
804 3668 954 3748 bracchia
978 3683 1115 3747 mittunt
1287 3696 1351 3761 790

235 3793 268 3849 et
290 3793 443 3869 repetunt
466 3787 566 3850 oculis
588 3796 717 3874 gestum
741 3789 823 3874 pede
846 3761 1096 3881 convenientill

148 3960 235 4010 dunt:
252 3961 344 4010 Lamb.
356 3961 452 4011 Oreech
462 3961 536 4014 Walr.
552 3963 587 4011 all
599 3963 709 4012 blunder
721 3963 793 4026 sadly
804 3964 873 4014 here.
1027 3964 1074 4013 761
1087 3963 1196 4011 Redicta
1206 3962 1260 4008 vita
1270 3958 1346 4007 Bern.

148 4043 188 4092 lor
210 4043 320 4092 Reddita
340 4047 403 4102 vita,
427 4044 480 4093 and
502 4044 589 4094 before
611 4045 668 4094 him
691 4047 725 4094 Is.
751 4045 825 4095 Voss.
843 4048 872 4094 in
889 4061 938 4095 ms.
955 4049 1030 4095 notes
1048 4047 1159 4095 ‘Relicta
1179 4045 1240 4098 vito,
1258 4038 1348 4088 malim

149 4127 237 4173 tamen
254 4126 364 4174 Reddita
381 4124 467 4174 media
483 4126 609 4187 producta
627 4132 656 4175 ut
675 4127 841 4176 Salmasius’.
876 4129 989 4176 Reddita
1002 4142 1049 4189 pro
1066 4142 1090 4175 v.
1107 4125 1187 4174 Lach.
1300 4122 1348 4170 783

148 4207 171 4254 oi
189 4212 279 4254 terrast
295 4206 365 4254 cordi
382 4205 430 4256 Ed
451 4206 491 4256 for
507 4210 530 4255 ιι·
552 4215 644 4256 terram
666 4210 770 4257 cordiat.
805 4210 838 4271 [si
862 4215 930 4258 tarra
950 4215 985 4257 eat
1007 4209 1077 4256 cordi
1098 4207 1171 4256 Pont.
1195 4204 1279 4253 before
1298 4216 1347 4259 me,

147 4301 176 4336 es
196 4287 209 4335 1
227 4301 285 4336 now
304 4287 378 4350 find]
416 4288 471 4337 The
490 4289 630 4352 frequency
649 4289 712 4338 with
729 4289 814 4338 which
831 4305 879 4339 our
899 4305 961 4338 mss.
979 4288 1040 4338 thus
1059 4292 1193 4351 transpose
1213 4285 1265 4336 thie
1280 4293 1304 4334 vt
1325 4284 1348 4333 is

149 4385 209 4432 very
224 4370 397 4420 remarkable:
416 4386 459 4420 see
474 4372 554 4421 Lach.
573 4375 600 4422 to
617 4373 704 4421 11275
721 4372 780 4421 who
797 4371 860 4421 cites
877 4376 923 4422 ten
939 4371 1082 4420 instances:
1101 4386 1129 4421 so
1146 4373 1201 4429 799,
1219 4370 1264 4420 the
1279 4384 1347 4432 rope·
