3008 4800
191 193 257 272 246
320 257 323 262 ,
777 191 808 254 V

276 376 351 418 cum
373 353 557 419 doctoribus
579 353 711 418 armatis
733 355 899 440 saevisque
922 357 1083 440 magistris

276 457 334 544 qui
356 458 551 523 moderarier
572 458 621 521 his
644 466 773 542 possent
796 458 972 544 vinclisque
996 468 1115 537 tenere,

276 561 484 646 nequiquam,
506 560 657 646 quoniam
680 561 841 645 permixta
862 561 958 626 caede
981 562 1123 626 calentes

277 663 455 728 turbabant
477 663 565 728 saevi
588 664 676 728 nullo
698 664 881 729 discrimine
903 674 1035 742 turmas,

277 767 433 831 terrificas
455 768 597 853 capitum
620 768 804 852 quatientes
826 769 968 855 undique
991 771 1111 847 cristas,

276 892 345 952 nee
358 878 510 954 poterant
530 872 657 956 equites
680 873 811 936 fremitu
833 873 1004 958 perterrita
1026 897 1180 960 equorum

277 981 408 1058 pectora
429 973 570 1038 mulcere
592 982 626 1038 et
648 973 746 1038 frenis
767 983 952 1040 convertere
975 977 1010 1040 in
1034 955 1157 1045 hostisl

276 1076 411 1142 inritata
434 1078 502 1142 leae
524 1078 685 1142 iaciebant
707 1100 837 1163 corpora
858 1080 943 1143 saltu

277 1180 422 1266 undique
444 1189 478 1245 et
500 1181 669 1245 adversum
692 1182 897 1246 venientibus
919 1206 974 1247 ora
996 1185 1153 1269 petebant

277 1291 311 1347 et
333 1305 394 1347 nec
416 1283 579 1368 opinantis
601 1306 620 1347 a
642 1292 733 1371 tergo
756 1284 959 1369 deripiebant

201 1396 205 1419 ¹
277 1385 496 1472 deplexaeque
519 1386 641 1452 dabant
663 1388 697 1451 in
719 1396 838 1452 terram
861 1389 988 1454 volnere
1011 1390 1120 1466 victos

278 1488 438 1553 morsibus
459 1489 585 1553 adfixae
607 1489 722 1554 validis
743 1498 842 1576 atque
864 1491 1028 1577 unguibus
1050 1449 1167 1565 uncisi

222 1656 226 1661 .
277 1591 508 1677 iactabantque
530 1615 605 1657 suos
626 1593 713 1658 tauri
733 1593 934 1678 pedibusque
956 1595 1105 1660 terebant

278 1705 313 1761 et
334 1697 438 1762 latera
459 1719 496 1761 aa
519 1707 647 1762 ventres
669 1697 843 1762 hauribant
864 1706 977 1783 supter
998 1721 1153 1784 equorum

278 1798 428 1864 cornibus
450 1807 485 1865 et
507 1807 626 1864 terram
649 1799 815 1864 minitanti
837 1800 941 1865 fmnte
963 1775 1122 1893 ruebant}

277 1910 312 1966 et
335 1901 450 1966 validis
472 1903 572 1967 socios
593 1902 770 1969 caedebant
791 1903 943 1968 dentibus
964 1905 1034 1989 apri

278 2004 344 2070 tela
366 2005 504 2070 infracta
524 2028 582 2070 suo
605 2005 792 2092 tinguentes
814 2007 971 2094 sanguine
993 2008 1087 2084 saevi,

277 2108 313 2171 in
335 2129 369 2172 se
392 2109 494 2172 fracta
516 2130 575 2172 suo
598 2108 785 2195 tinguentes
807 2111 965 2195 sanguine
987 2111 1060 2186 tela,

278 2211 520 2297 permixtasque
542 2212 664 2276 dabant
687 2213 835 2297 equitum
857 2212 1067 2299 peditumque
1089 2161 1218 2309 ruinasi

278 2340 355 2382 nam
377 2326 559 2382 transversa
581 2318 662 2382 feros
683 2316 816 2381 exibant
838 2316 945 2380 dentis
967 2317 1100 2382 adactus

278 2419 427 2484 iumenta
448 2427 507 2483 aut
529 2419 665 2504 pedibus
687 2427 799 2484 ventos
821 2427 927 2484 erecta
947 2419 1111 2504 petebant,

280 2524 488 2610 nequiquam,
511 2524 661 2609 quoniam
684 2525 725 2588 ab
747 2524 853 2588 nervis
874 2524 995 2588 succisa
1017 2523 1141 2589 videres

279 2627 446 2692 concidere
468 2636 566 2713 atque
588 2627 679 2713 gravi
701 2638 819 2692 terram
842 2636 1044 2692 consternere
1067 2598 1166 2721 casui

279 2730 388 2815 siquos
411 2737 488 2794 ante
510 2729 598 2793 domi
619 2728 757 2794 domitos
779 2729 858 2793 satis
880 2750 948 2792 esse
970 2729 1140 2814 putabant,
1243 2801 1245 2805 7

280 2832 487 2896 effervescere
508 2831 682 2896 cernebant
704 2831 739 2895 in
760 2831 856 2895 rebus
878 2831 1014 2917 agundis

221 3013 222 3016 Ἴ
283 2934 469 2999 volneribus
491 2934 628 2999 clamore
651 2936 728 3021 fuga
750 2944 868 2999 terrore
891 2935 1045 3011 tumultu,

281 3060 341 3102 nec
363 3046 515 3123 poterant
536 3039 636 3103 ullam
659 3047 783 3124 partem
801 3038 978 3103 redducere
1000 3060 1127 3117 eorum3

280 3142 475 3229 diffugiebat
498 3143 585 3206 enim
607 3142 731 3205 varium
753 3163 856 3228 genus
878 3163 972 3205 omne
995 3141 1152 3220 ferarum3

281 3253 320 3309 ut
342 3268 428 3310 nunc
450 3267 545 3330 saepe
567 3245 664 3308 boves
686 3244 776 3308 lucae
798 3244 879 3308 ferro
901 3244 985 3308 male
1007 3252 1131 3307 mactae

179 3412 196 3431 Γ
282 3347 469 3434 diffugiunt,
492 3349 559 3412 fera
581 3349 666 3412 facta
688 3348 754 3411 suis
776 3369 850 3411 cum
873 3347 978 3411 multa
999 3324 1144 3423 dederei
1315 3366 1402 3429 1340

195 3617 286 3670 Lamb.
305 3618 402 3668 Greech
418 3618 495 3668 Wah
516 3618 584 3680 vulg.
600 3616 685 3667 before
701 3616 780 3667 Lach.
914 3617 976 3665 1311
994 3617 1142 3667 doctoribus.
1179 3618 1322 3666 emortua
1339 3616 1401 3666 Ver.

195 3700 259 3751 Ven.
273 3700 338 3749 Mar.
350 3699 409 3748 Ald.
423 3699 524 3748 liunt.
536 3699 644 3760 Nauger.
657 3697 747 3748 Lamb.
762 3699 809 3748 010.
918 3707 920 3711 ·
947 3698 1010 3747 1315
1027 3697 1106 3746 Lach.
1120 3697 1211 3760 rejects
1223 3713 1253 3747 as
1264 3696 1405 3761 spuriousr

196 3781 249 3831 and
259 3780 309 3830 ud.
320 3780 348 3828 in
359 3779 399 3829 ed.
413 3781 435 3831 1.
545 3781 608 3830 1319
621 3781 739 3842 petebant
748 3778 806 3828 Vat.
819 3778 867 3828 640
879 3777 969 3827 Urbin.
982 3778 1052 3828 Mon.
1067 3769 1141 3827 June.
1154 3779 1194 3828 lor
1201 3781 1333 3842 patebunt.

230 3863 294 3912 1320
311 3864 471 3925 deripiebant
486 3862 509 3910 A
525 3861 605 3910 Lach.
638 3862 794 3923 diripiebant
810 3860 832 3908 B
849 3859 918 3910 Nica.
937 3860 1048 3909 1110131
1066 3859 1155 3911 (lamb.
1176 3859 1297 3912 11011111
1313 3860 1402 3912 before

196 3944 277 3996 Laoh.
377 3946 440 3994 1323
456 3960 520 3995 ruoe.
556 3959 610 3993 ruas
624 3944 682 3993 Ver.
695 3943 865 3993 Venitvana.
879 3942 1030 3993 Lambete.
1140 3943 1202 3992 1325
1214 3945 1301 4006 fronte
1318 3942 1402 3994 Lach.

197 4030 237 4078 101
252 4037 333 4078 mente
349 4027 435 4077 which
451 4027 500 4077 has
516 4042 550 4076 no
568 4015 697 4088 meaning.
730 4027 765 4074 ud
782 4033 919 4088 terrerique
934 4028 1042 4074 minanti
1058 4033 1137 4075 0111111
1151 4025 1215 4076 Mar.
1235 4025 1325 4075 Lamb.
1344 4025 1398 4078 Gii.

197 4109 293 4160 Oreech
309 4112 357 4161 etc.
377 4109 430 4160 and
446 4108 500 4158 this
516 4108 646 4158 Candidus
663 4108 792 4158 doubtless
808 4113 897 4158 meant
914 4113 941 4159 to
958 4108 1027 4158 read.
1159 4110 1224 4160 1327
1242 4110 1306 4158 1328
1324 4110 1397 4162 Mon.

197 4189 272 4238 Junt.
283 4187 365 4238 Lech.
378 4187 432 4238 and
446 4187 494 4238 Ed
508 4187 536 4236 in
551 4188 628 4237 small
642 4186 682 4236 ed.
697 4188 762 4236 omit
775 4187 819 4236 the
833 4187 941 4244 second;
957 4187 1046 4236 hamb.
1063 4187 1103 4237 ed.
1116 4188 1130 4236 1
1149 4187 1256 4238 obelises
1271 4187 1317 4237 the
1332 4189 1399 4253 first,

200 4269 241 4320 ed.
253 4272 269 4318 2
281 4270 333 4320 and
344 4273 359 4320 3
371 4270 446 4320 both:
464 4271 511 4319 but
523 4285 563 4320 see
575 4272 683 4319 1101112.
821 4271 976 4320 1330011111
988 4272 1093 4319 aductus
1105 4269 1170 4319 Mar.
1182 4269 1404 4322 311111.101ἀ11111“1

198 4355 322 4403 adauctus
333 4353 364 4414 B,
374 4354 489 4403 driuides
500 4355 621 4403 adauctus
631 4354 654 4402 A
666 4353 735 4405 Nico.
744 4353 832 4404 Gamb.
868 4354 982 4403 1111111111
993 4355 1058 4402 ictuc
1070 4351 1184 4402 Politian
1196 4351 1224 4400 in
1236 4366 1316 4415 marg.
1329 4351 1405 4404 Flor.
