3008 4800
757 194 787 256 V

254 378 294 421 ex
317 356 451 423 ineunte
473 380 553 424 aevo
574 380 679 445 genus
700 359 734 423 id
757 367 865 424 tutata
887 319 1075 423 reservansl

254 458 422 544 multaque
444 469 531 538 sunt,
555 459 648 525 nobis
670 483 709 525 ex
732 461 878 525 utilitate
900 482 959 524 sua
982 482 1064 545 quae

254 563 480 628 commendata
502 572 644 639 manent,
667 565 791 628 tutelae
814 563 936 628 tradita
956 523 1107 643 nostrael

254 666 412 752 principio
433 689 539 755 genus
561 689 633 732 aere
656 668 786 732 leonum
809 689 970 752 saevaque
992 666 1095 730 saecla

255 776 394 834 tutatast
418 770 529 847 virtus,
552 747 662 854 volpes
683 770 778 834 dolus
800 779 834 834 et
857 769 934 855 fuga
956 734 1092 856 cervosl

254 879 289 935 at
312 871 489 937 levisomna
510 893 628 937 canum
650 871 715 936 fido
737 893 812 936 cum
834 880 963 957 pectore
982 873 1080 945 ¹corda

255 983 289 1039 et
310 997 414 1061 genus
435 997 531 1040 omne
553 974 639 1059 quod
662 982 712 1039 est
734 974 879 1039 veterino
901 975 1023 1039 semine
1046 984 1176 1060 partum

255 1067 482 1164 lanigeraeque
504 1077 602 1142 simul
624 1077 764 1162 pecudes
787 1086 821 1142 et
843 1077 961 1143 bucera
983 1080 1087 1143 saecla

256 1180 366 1243 omnia
387 1188 464 1245 sunt
487 1179 655 1243 hominum
679 1179 804 1244 tutelae
826 1179 956 1255 tradita,
979 1144 1135 1283 Memmii

256 1305 332 1348 nam
354 1283 471 1369 cupide
495 1284 607 1369 fugere
629 1284 713 1348 feras
735 1305 912 1370 pacemque
934 1291 1045 1348 secuta

256 1396 335 1452 sunt
357 1396 391 1452 et
414 1388 504 1475 larga
525 1410 584 1452 suo
606 1387 676 1453 sine
698 1388 819 1474 pabula
840 1397 934 1473 parta
956 1388 1072 1464 labore,

258 1512 341 1575 quae
363 1489 479 1555 damus
501 1490 657 1555 utilitatis
679 1513 791 1555 eorum
814 1489 956 1574 praemia
977 1513 1080 1554 causa.

258 1602 294 1659 at
316 1594 390 1680 quis
412 1594 459 1658 nil
481 1594 598 1658 horum
621 1593 739 1659 tribuit
762 1602 886 1670 natura,
908 1616 969 1659 nec
989 1594 1059 1679 ipsa

258 1706 373 1783 sponte
395 1720 455 1763 sua
476 1706 608 1784 possent
631 1707 670 1762 ut
691 1698 799 1763 vivere
822 1720 880 1762 nec
902 1698 979 1762 dare
1001 1698 1093 1762 nobis

258 1800 439 1866 utilitatem
461 1800 606 1887 aliquam
628 1823 727 1886 quare
750 1808 937 1885 pateremur
958 1823 1067 1865 eorum

259 1903 419 1989 praesidio
440 1912 550 1968 nostro
572 1903 661 1988 pasci
683 1925 787 1989 genus
810 1925 943 1988 esseque
965 1911 1086 1979 tutum,

260 2003 382 2069 scilieet
405 2004 485 2070 haec
507 2004 580 2068 aliis
601 2005 740 2090 praedae
762 2004 913 2090 lucroque
936 2003 1084 2083 iacebant

260 2106 453 2194 indupedita
474 2108 542 2173 suis
565 2108 719 2173 fatalibus
741 2108 850 2173 omnia
872 2107 996 2185 vinclis,

260 2209 362 2274 donec
383 2210 425 2275 ad
447 2209 618 2276 interitum
641 2233 745 2296 genus
768 2211 801 2275 id
823 2219 942 2276 natura
962 2163 1121 2308 redegitl

305 2313 371 2378 Sed
392 2336 499 2400 neque
522 2313 681 2387 Centauri
703 2317 843 2391 fuerunt,
866 2337 925 2380 nec
948 2323 1092 2399 tempore
1114 2315 1149 2378 in
1171 2314 1236 2378 ullo

262 2437 331 2480 esse
353 2425 479 2503 queunt
502 2419 625 2503 duplici
647 2427 765 2483 natura
786 2427 820 2483 et
842 2440 972 2504 corpore
994 2417 1070 2482 bino

263 2541 303 2582 ex
325 2518 515 2606 alienigenis
537 2521 692 2586 membris
714 2530 888 2606 compacta,
909 2529 1053 2606 potestas

264 2620 340 2685 hino
360 2603 450 2687 illinc
472 2624 581 2710 visque
602 2632 641 2689 ut
663 2647 728 2689 non
750 2633 801 2689 sat
822 2646 881 2710 par
903 2647 972 2690 esse
993 2584 1140 2710 potissit.l

264 2724 298 2788 id
322 2725 398 2790 licet
421 2727 496 2792 hinc
519 2728 667 2813 quamvis
689 2729 801 2794 hebeti
823 2752 1010 2816 cognoscere
1033 2695 1151 2798 cordel

264 2829 422 2916 principio
444 2831 567 2896 circum
589 2832 696 2897 tribus
718 2833 800 2897 actis
822 2832 961 2919 impiger
982 2832 1076 2896 annis

265 2932 358 2998 floret
381 2956 465 3011 ecus,
487 2958 569 3022 puer
591 2936 837 3022 hautquaquam
849 2959 856 3015 ;
887 2959 963 3000 nam
985 2958 1080 3021 saepe
1102 2936 1201 3001 etiam
1224 2958 1310 2999 nunc

265 3039 367 3104 ubera
388 3061 603 3104 mammamm
625 3041 660 3103 in
683 3039 804 3104 somnis
825 3039 980 3104 lactantia
1002 3014 1167 3146 quaeret}
1318 3042 1379 3120 885

179 3297 275 3340 cautent
285 3290 364 3339 Bern.
376 3290 418 3340 ior
429 3291 521 3339 isarna
532 3293 578 3354 qai
589 3299 706 3340 calceat.
740 3294 833 3342 Mutua
848 3295 904 3356 quis
915 3300 1012 3342 necte-ut
1024 3292 1088 3340 Mar.
1101 3291 1158 3341 Ald.
1172 3292 1185 3339 1
1197 3291 1269 3341 Junt.
1283 3298 1387 3341 metuat

180 3371 290 3433 Nauger.
302 3371 394 3420 hamb.
427 3373 568 3434 Multaque
578 3374 709 3421 instaurent
720 3372 799 3422 Laeh.
897 3374 946 3424 859
958 3380 1041 3422 tutata
1051 3372 1122 3420 Brix.
1135 3372 1207 3423 Pont
1223 3371 1287 3421 Mar.
1300 3371 1357 3421 Ald.
1372 3373 1385 3420 1

180 3452 252 3503 Junt.
265 3452 304 3502 ior
317 3460 380 3504 tuta.
499 3453 547 3502 863
559 3460 584 3501 et
596 3454 805 3515 supaBAvanc.
838 3453 1055 3518 atsupaANicc.
1068 3453 1137 3503 Mon.
1150 3453 1223 3502 tunt.
1337 3454 1388 3504 865

180 3537 291 3584 caumas
307 3533 409 3584 Nonius
424 3534 501 3586 Pont.
521 3535 587 3584 Mar.
599 3536 697 3586 Arane.
710 3535 785 3584 Junt.
818 3539 897 3586 cetera*
914 3551 965 3585 aaa
981 3550 1043 3585 mss.
1141 3536 1188 3585 868
1199 3543 1285 3585 secata
1295 3534 1388 3585 hamb.

181 3616 304 3667 inerrata
316 3613 343 3667 to
355 3617 395 3667 ed.
407 3619 423 3666 3
435 3618 493 3666 first
505 3618 544 3666 ior
555 3625 662 3667 secutae.
761 3619 809 3670 871
821 3621 860 3668 nil
870 3618 950 3669 Pont.
965 3618 1029 3668 Mar.
1043 3617 1099 3668 Ald.
1116 3618 1214 3667 lJunt.
1227 3617 1266 3666 ior
1277 3620 1306 3667 ai
1316 3617 1347 3674 A,
1359 3619 1389 3667 ia

181 3700 213 3749 B.
341 3701 389 3750 880
397 3706 509 3763 potestas
520 3701 591 3748 Hinc
603 3702 677 3749 illiue
688 3703 752 3763 νίας.
767 3708 795 3749 ut
806 3715 856 3749 ηαα
866 3708 907 3749 sat
921 3715 972 3763 ραν
982 3715 1032 3749 esse
1046 3702 1149 3763 potierit
1160 3698 1210 3748 Ed.
1226 3700 1266 3748 lor
1278 3705 1391 3762 potestas

181 3783 251 3832 Hinc
263 3784 336 3832 illico
344 3797 396 3844 ραν
405 3784 445 3832 vis
456 3789 485 3830 ut
496 3797 547 3831 noa
557 3789 597 3831 sot
611 3782 651 3846 (B,
663 3785 698 3831 stt
709 3783 741 3846 A)
751 3798 814 3845 pars
825 3791 875 3831 esse
889 3784 1006 3845 potierit:
1020 3797 1070 3844 ραν
1082 3781 1095 3829 I
1106 3795 1210 3831 assume
1221 3795 1273 3829 was
1285 3779 1388 3830 written

182 3863 211 3912 in
222 3863 267 3914 the
277 3863 379 3926 margin
391 3866 418 3912 to
430 3863 489 3913 take
502 3863 547 3913 the
561 3863 634 3926 place
645 3865 672 3912 ol
689 3863 733 3912 the
745 3864 903 3925 unmeaning
916 3879 987 3926 ρανν,
998 3862 1052 3912 and
1066 3863 1127 3911 thus
1137 3866 1181 3924 got
1195 3861 1251 3912 into
1268 3861 1312 3911 the
1322 3864 1388 3912 text:

183 3959 212 3996 sc
223 3945 304 3996 above
317 3947 364 3996 117
371 3961 435 4009 para
446 3961 496 3996 esse
508 3960 571 3995 mss.
584 3946 623 3995 ior
631 3961 682 4009 par
692 3961 755 4005 esae;
773 3945 825 3996 and
837 3961 858 3995 11
871 3947 934 3998 1017
942 3962 993 4009 par
1004 3946 1043 3994 ior
1050 3961 1119 4008 pars.
1152 3961 1179 4008 p.
1189 3946 1225 3994 H.
1235 3947 1254 3994 i.
1262 3946 1389 4007 portitat

182 4031 206 4078 a·
219 4044 270 4092 ραν
282 4043 303 4077 e.
318 4043 345 4091 ρ.
359 4027 440 4079 Lach.
454 4027 540 4077 which
551 4028 565 4076 I
576 4027 670 4091 hardly
681 4027 848 4080 understand.
884 4028 975 4077 Lamb.
987 4027 1061 4077 reads
1077 4036 1150 4090 queat
1162 4028 1201 4076 ior
1218 4034 1311 4089 queunt
1323 4026 1391 4077 aiter

184 4110 250 4160 Mar.
266 4109 324 4160 Ald.
346 4111 359 4158 1
377 4108 429 4159 and
447 4109 522 4159 Junt.
539 4109 640 4173 joining
660 4117 771 4172 potestas
788 4108 852 4159 with
867 4109 937 4159 what
953 4108 1078 4172 precedes,
1096 4109 1150 4159 and
1165 4108 1204 4160 cd.
1224 4110 1239 4156 3
1256 4108 1303 4158 has
1319 4110 1391 4159 Hinc

184 4193 258 4240 tiliae
272 4207 324 4255 ραν
339 4194 379 4240 via
396 4199 425 4240 ut
443 4207 493 4240 aaa
509 4195 546 4241 sic
563 4207 613 4241 erse
627 4194 738 4255 potierit.
768 4207 796 4255 ρ.
814 4193 851 4240 H.
868 4193 888 4240 i.
901 4193 997 4253 parilis
1013 4193 1070 4253 qais
1087 4206 1136 4239 νιανι
1151 4205 1274 4253 superesse
1288 4191 1392 4252 potierit
1419 4246 1424 4251 ,

183 4273 260 4323 Bern.
394 4275 443 4324 884
463 4276 651 4338 lmutquaquam
668 4274 738 4324 Nico.
756 4275 796 4324 for
814 4276 1035 4338 hautquamquam.
1068 4289 1127 4323 uam
1142 4289 1193 4322 om.
1210 4274 1233 4322 A
1249 4271 1318 4323 Nicc.
1338 4271 1392 4323 and

183 4356 250 4406 later
265 4367 339 4406 msa:
357 4353 438 4404 hence
454 4358 517 4418 quic
531 4357 627 4405 Avanc.
661 4359 724 4418 quin
740 4355 805 4405 Mar.
823 4355 896 4405 Junt.
913 4355 1005 4405 Lamb.
1022 4358 1070 4405 etc.
1105 4356 1165 4404 licut
1182 4356 1222 4404 ito
1238 4367 1391 4418 quanquam
