3008 4800
503 776 541 849 T.
585 773 818 849 LUCRETI
863 773 989 848 CARI

377 1038 468 1121 DE
527 1035 778 1120 RERUM
839 1035 1129 1121 NATURA

593 1349 727 1408 LIBER
756 1350 921 1410 SEXTUS

237 1712 364 1776 Primae
387 1711 568 1798 frugiparos
590 1711 677 1775 fetus
700 1709 893 1774 mortalibus
915 1710 1020 1796 aegris

220 1809 423 1877 'dididerunt
446 1810 609 1898 quondam
632 1811 795 1896 praeclaro
818 1810 949 1875 nomine
971 1811 1121 1876 Athenae

236 1927 270 1982 et
292 1923 518 1982 recreaverunt
541 1915 644 1978 vitam
666 1913 820 1999 legesque
842 1923 1009 2001 rogarunt,
1151 1901 1152 1906 ἵ

237 2029 271 2085 et
294 2021 417 2106 primae
441 2019 602 2084 dederunt
624 2018 744 2083 solacia
766 2016 874 2082 dulcia
896 2019 992 2096 vitae,

205 2146 309 2205 >cum
331 2145 472 2209 genuere
497 2122 604 2185 virum
627 2120 687 2186 tali
711 2144 786 2185 cum
809 2122 904 2186 corde
927 2130 1100 2208 repertum,

239 2228 347 2291 omnia
368 2226 509 2290 veridico
532 2225 589 2311 qui
612 2224 776 2310 quondam
799 2247 838 2289 ex
862 2248 916 2290 ore
938 2225 1099 2310 profudit;

238 2328 330 2393 cuius
352 2337 387 2391 et
409 2326 549 2392 extincti
570 2336 703 2412 propter
726 2326 837 2390 divina
859 2337 988 2412 reperta

236 2430 403 2516 divolgata
425 2436 520 2494 vetus
543 2429 608 2492 ianr
632 2427 675 2491 ad
697 2429 832 2492 caelum
847 2428 950 2515 gloria
972 2428 1080 2493 fertur.

238 2556 315 2597 nam
337 2555 412 2596 cum
436 2532 520 2596 vidit
542 2532 596 2595 hio
617 2531 659 2596 ed
683 2531 807 2596 victum
831 2554 914 2617 quae
937 2532 1063 2617 flagitat
1086 2555 1163 2597 usus

237 2637 345 2701 omnia
367 2637 433 2701 iam
457 2636 557 2701 ferme
580 2635 773 2700 mortalibus
795 2658 865 2700 esse
888 2646 1002 2721 parata

235 2748 278 2817 et,
301 2763 457 2826 proquam
480 2749 600 2825 posset,
623 2740 725 2804 vitam
749 2741 925 2806 consistere
947 2751 1063 2817 tutam,

236 2844 360 2908 divitiis
383 2843 530 2908 homines
553 2843 730 2908 ethonore
754 2851 788 2907 et
811 2844 906 2907 laude
929 2845 1073 2929 potentis

238 2947 369 3011 affluere
392 2956 492 3032 atque
515 2946 601 3012 bona
621 2954 795 3034 gnatorum
820 2948 975 3012 excellere
998 2949 1091 3024 fama,

238 3072 297 3115 nee
319 3051 428 3114 minus
451 3072 520 3115 esse
543 3050 631 3115 domi
653 3049 807 3135 cuiquam
830 3058 942 3115 tamen
964 3050 1060 3115 anxia
1082 3051 1184 3127 corda,

237 3163 336 3239 atque
358 3154 461 3217 animi
482 3152 621 3240 ingratis
644 3153 747 3216 vitam
772 3175 888 3218 vexare
910 3155 977 3220 siue
1000 3155 1066 3219 alla
1320 3169 1353 3233 15

179 3264 220 3346 )<
236 3279 338 3342 pausa
359 3264 459 3342 atque
482 3256 610 3321 infestis
632 3255 724 3342 cogei
747 3256 870 3321 saevire
893 3257 1053 3342 querellis,

182 3443 196 3492 1
210 3445 358 3506 frugiparos
370 3443 423 3493 AB.
454 3444 595 3507 fiapiferos
606 3444 629 3493 Α
640 3458 707 3493 corr.
719 3442 790 3493 Nico.
802 3444 857 3493 and
868 3445 933 3494 later
943 3459 1005 3493 mss.
1018 3443 1071 3493 and
1082 3443 1133 3495 ede.
1147 3443 1233 3493 before
1244 3443 1316 3492 Wak.

183 3527 198 3575 4
215 3529 311 3578 solacia
322 3526 392 3576 Nice.
406 3527 446 3575 for
456 3529 543 3578 solari.
641 3529 656 3578 'l
674 3529 782 3576 ealirrcll
794 3526 860 3576 Mar.
872 3527 929 3578 Ald.
947 3526 1046 3576 llant.
1061 3527 1100 3575 for
1112 3529 1230 3575 extincta.
1326 3526 1358 3573 10

157 3611 304 3660 mortalitas
316 3609 387 3658 Nico.
400 3609 439 3658 for
451 3610 613 3658 acorlollbus.
703 3609 733 3656 11
748 3624 872 3671 proquam
880 3617 962 3672 posset
973 3608 1052 3658 Lech.
1067 3608 1106 3657 for
1114 3623 1236 3670 proquam
1243 3613 1359 3670 possent:

152 3691 275 3755 asimple
292 3691 343 3740 and
359 3691 457 3740 certain
475 3690 617 3740 correction
633 3690 660 3741 of
675 3706 691 3741 a
707 3690 878 3740 much-vexed
894 3707 1005 3755 passage.
1037 3707 1085 3755 per
1103 3707 1166 3755 quoe
1178 3697 1276 3754 posseul
1292 3689 1358 3737 Mar.

153 3773 249 3823 Avanc.
285 3773 396 3835 Madvig,
414 3772 532 3823 deceived
549 3773 583 3836 by
600 3771 662 3835 this,
683 3773 850 3834 conjectured
867 3773 895 3823 in
912 3773 1075 3823 Henriohsen
1092 3773 1123 3822 de
1140 3773 1203 3833 frag.
1222 3771 1293 3820 Golt.
1311 3785 1357 3833 per

154 3867 218 3914 quoe
225 3859 325 3915 possent
336 3854 392 3900 vila
403 3867 424 3900 c.
438 3858 502 3900 lata.
536 3850 628 3900 Lamb.
640 3851 692 3900 and
704 3851 800 3901 Creech
813 3852 909 3901 obelise
924 3851 968 3902 the
984 3866 1062 3901 verse.
1194 3852 1224 3899 13
1241 3851 1357 3898 excellere

154 3930 219 3979 Mar.
242 3929 299 3978 Ald.
319 3931 332 3977 1
350 3930 424 3979 lunt.
449 3931 488 3978 for
512 3932 621 3979 excolere
637 3930 659 3979 A
676 3929 757 3990 Nica,
777 3933 897 3980 excellere
914 3931 944 3979 B.
986 3932 1103 3980 extollere
1126 3929 1192 3980 Flor.
1214 3930 1243 3976 31
1268 3926 1357 3976 (lamb.

151 4013 228 4063 Pont.
329 4014 359 4060 14
376 4016 452 4063 corda
470 4013 774 4063 Mar.Ald.lJunt.for
789 4015 867 4061 cordi.
968 4012 999 4061 15
1016 4013 1133 4075 qewrellie
1150 4011 1178 4059 of
1193 4009 1315 4059 msshae
1331 4009 1360 4058 οἰ

151 4111 244 4146 course
257 4111 329 4146 come
346 4097 412 4145 from
429 4097 460 4146 16
477 4095 530 4146 and
544 4096 593 4146 has
610 4095 767 4162 supplanted
783 4095 828 4145 the
843 4096 927 4146 words
942 4097 970 4146 of
984 4095 1059 4144 Luor.
1073 4093 1130 4143 who
1146 4099 1223 4142 wrote
1236 4096 1288 4142 elue
1303 4093 1359 4141 alla

147 4180 234 4230 Pausa
260 4189 342 4243 alque.
377 4180 458 4230 Lech.
476 4179 576 4229 retains
596 4179 714 4240 querellis
734 4178 795 4228 here
811 4178 864 4228 and
881 4178 909 4227 in
928 4178 958 4226 16
976 4176 1051 4228 reads
1068 4177 1356 4240 Possimqrre...perlelia

146 4264 215 4325 copel
227 4262 317 4323 Lech„
332 4264 388 4325 copi
400 4261 500 4322 hamb„
517 4260 614 4324 rightly
626 4261 666 4311 for
676 4269 758 4323 copel:
776 4276 792 4309 a
803 4274 924 4310 common
935 4257 1083 4321 corruption
1095 4258 1123 4307 in
1134 4272 1181 4307 our
1193 4272 1254 4308 mss.
1291 4259 1354 4308 Mar.

148 4343 246 4393 Avanc.
264 4343 337 4391 lunt.
355 4347 460 4404 corrupt
477 4342 521 4391 the
538 4357 647 4404 passage
664 4342 772 4404 greatly.
812 4340 905 4390 Lamb.
923 4340 1041 4390 followed
1060 4339 1094 4402 by
1112 4339 1164 4388 Gif.
1184 4339 1286 4402 Creech,
1307 4343 1353 4394 ete.
