3008 4800
168 223 225 301 15'2‘
751 219 807 284 III

81 464 86 484 t
249 404 323 446 cum
345 381 467 467 pariter
488 403 580 446 mens
602 391 636 447 et
658 402 773 466 corpus
794 381 901 467 sopita
921 380 1112 466 quiescunt3
1302 401 1370 466 920

125 534 128 541 f
250 507 324 549 nam
347 484 424 548 licet
446 491 615 549 aeternum
796 484 842 548 sic
864 505 933 548 esse
955 504 991 548 so
1033 507 1110 560 rem,

4 519 126 671 *fidis
141 505 863 654 ···*“‘nec'ffiiemffiomffifioit
886 505 1033 698 ullumpq0

11 692 60 736 θ’·
250 702 284 758 et
307 701 417 757 tamen
441 692 690 777 haudquaquam
712 700 838 756 nostros
860 699 939 756 tuno
961 693 1017 755 illa
1038 714 1096 778 per
1118 699 1209 756 artus

250 796 344 879 longe
365 795 408 859 ab
430 794 591 859 sensiferis
612 793 789 879 primordia
810 794 954 859 motibus
977 802 1098 872 errant,

252 919 326 962 cum
348 905 513 983 correptus
536 896 630 978 homo
653 917 693 960 ex
716 917 827 960 somno
850 917 884 960 se
906 895 1031 982 colligit
1052 867 1154 996 ipsei
1304 910 1368 978 925

252 1001 356 1065 multo
377 999 480 1087 igitur
502 1007 638 1063 mortem
661 998 831 1063 minusad
854 1022 912 1064 nos
934 1022 1002 1065 esse
1024 999 1248 1086 putandumst,

252 1103 280 1168 si
302 1104 411 1167 minus
432 1124 501 1166 esse
523 1109 631 1186 potest
653 1123 752 1186 quam
776 1101 862 1187 quod
884 1102 931 1166 nil
954 1124 1023 1168 esse
1045 1104 1211 1183 videmus;

253 1207 354 1271 maior
376 1205 464 1271 enirn
487 1204 602 1269 turbae
624 1204 780 1268 disiectus
802 1205 950 1270 materiai

252 1309 460 1394 consequitur
481 1308 547 1372 leto
568 1329 628 1372 nec
649 1306 821 1393 quisquam
841 1309 1029 1396 expergitus
1051 1317 1169 1387 exstat,

254 1412 372 1499 frigida
393 1432 490 1497 quem
512 1408 611 1474 semel
633 1417 683 1474 est
706 1409 789 1474 vitai
810 1432 912 1496 pausa
933 1402 1065 1508 secuta}
1306 1431 1374 1496 930

297 1514 447 1600 Denique
470 1514 498 1577 si
518 1504 629 1577 'vocem
651 1535 759 1577 rerum
780 1521 899 1578 natura
921 1523 1054 1600 repente
1103 1504 1105 1507 ¹

255 1619 369 1683 mittat
391 1625 425 1683 et
448 1618 507 1681 hoo
528 1615 625 1681 alicui
646 1624 795 1680 nostrum
817 1616 863 1681 sic
884 1616 1030 1703 increpet
1051 1609 1122 1703 ipsa
1180 1610 1181 1613 ¹

245 1720 352 1806 ‘quid
374 1719 436 1784 tibi
458 1728 551 1784 tanto
572 1727 709 1805 operest,
731 1720 887 1798 mortalis
910 1720 996 1806 quod
1019 1720 1116 1785 nimis
1137 1743 1176 1786 ae
1217 1720 1224 1734 ‘

256 1823 398 1889 luctibus
420 1805 699 1913 indulgesthuid
724 1831 862 1887 mortem
884 1823 1047 1909 congemis
1068 1845 1106 1888 ac
1127 1742 1243 1913 {legiis

175 1939 177 1942 ⁴
256 1950 331 1992 nam
353 1927 456 2015 gratis
478 1934 628 1992 anteacta
649 1926 713 1991 fuit
735 1926 798 1991 tibi
820 1927 890 1991 vita
910 1927 1061 2013 priorque
1308 1942 1371 2009 935

257 2040 292 2096 et
313 2053 378 2096 non
401 2030 510 2096 omnia
532 2025 699 2116 pertusum
721 2037 875 2116 congesta
896 2030 990 2115 quasi
1012 2030 1047 2094 in
1069 2052 1126 2117 vas

257 2133 425 2200 commoda
446 2132 625 2219 perfluxere
647 2127 746 2218 atque
769 2127 900 2219 ingrata
921 2132 1091 2198 interiere:

258 2259 315 2302 cur
336 2259 401 2301 non
423 2243 462 2299 ut
483 2236 599 2321 plenus
619 2235 706 2299 vitae
728 2234 862 2300 conviva
885 2230 1006 2300 recedis

259 2362 361 2427 aequo
384 2339 556 2425 animoque
578 2338 666 2422 capis
687 2360 844 2416 securam,
866 2339 975 2416 stulte,
999 2289 1185 2426 quietem21

259 2445 309 2510 sin
332 2467 372 2509 ea
393 2465 477 2530 quae
499 2443 623 2535 fructus
644 2464 784 2528 cumque
807 2464 842 2507 es
863 2441 986 2528 periere
1009 2436 1156 2528 profusa
1312 2461 1380 2525 940

259 2551 392 2635 vitaque
414 2549 448 2611 in
471 2529 635 2623 offensust,
652 2557 714 2611 ‘eur
735 2547 876 2633 amplius
896 2546 1014 2612 addere
1036 2546 1174 2633 quaeris,

259 2674 387 2718 rursum
410 2650 496 2737 quod
519 2658 630 2736 pereat
652 2650 736 2714 male
759 2658 794 2715 et
816 2650 982 2736 ingratum
1005 2649 1129 2715 occidat
1151 2672 1255 2727 omne,

260 2778 325 2820 non
347 2754 456 2841 potius
478 2753 565 2818 vitae
586 2752 685 2818 finem
708 2754 787 2818 facis
809 2761 908 2839 atque
931 2725 1085 2859 laboris21
1167 2743 1169 2749 ’

261 2880 337 2922 nam
360 2857 424 2921 tibi
444 2865 613 2943 praeterea
634 2856 721 2943 quod
743 2857 910 2922 machiner
930 2857 1166 2943 inveniamque,

262 2961 355 3046 quod·
370 2960 505 3047 placeat,
528 2960 575 3024 nil
597 2969 664 3025 est:
695 2953 811 3025 eadem
832 2969 910 3026 sunt
932 2962 1040 3026 omnia
1061 2924 1210 3047 semperi
1312 2975 1376 3043 945

262 3066 290 3131 si
313 3065 375 3130 tibi
397 3087 462 3129 non
483 3064 576 3129 annis
598 3085 713 3149 corpus
735 3064 802 3129 iam
824 3074 946 3130 marcet
967 3074 1002 3131 et
1024 3074 1115 3131 artus

196 3231 198 3235 ,
262 3169 400 3234 confecti
422 3168 587 3256 languent,
609 3168 722 3232 eadem
746 3155 857 3233 tamen
879 3169 987 3233 omnia
1009 3163 1143 3246 restant,

264 3273 372 3338 omnia
393 3272 421 3337 si
443 3295 558 3359 pergas
581 3272 718 3337 vivendo
742 3272 869 3338 vincere
891 3273 1004 3348 saecla,

263 3385 362 3461 atque
385 3375 486 3440 etiam
507 3375 624 3460 potius,
646 3375 675 3439 si
696 3397 877 3461 numquam
898 3376 942 3440 sis
964 3347 1179 3469 moriturus’i

178 3548 288 3610 Nauger.
304 3546 344 3595 for
358 3548 477 3610 requiret.
574 3547 622 3598 921
640 3562 690 3597 esse
705 3562 814 3610 soporem
828 3548 852 3596 Δ
865 3547 936 3597 Nico.
953 3546 1019 3608 vulg.
1057 3563 1106 3597 esee
1118 3546 1268 3612 proeowB:
1286 3559 1382 3595 amere

179 3629 294 3686 blanden,
306 3627 351 3678 the
362 3643 388 3677 so
400 3627 476 3690 being
487 3627 611 3677 absorbed
622 3627 650 3677 in
662 3643 712 3678 esse
724 3648 730 3679 :
747 3632 792 3692 yet
803 3629 879 3681 Bern.
894 3627 968 3678 reads
976 3642 1023 3690 per
1033 3643 1130 3678 aevum.
1272 3628 1321 3678 922
1337 3628 1382 3676 od·

173 3714 233 3776 ficit
244 3710 335 3762 Lamb.
352 3710 393 3760 ed.
412 3712 426 3759 1
443 3710 496 3760 and
512 3712 536 3770 2,
554 3710 645 3761 Heius.
658 3711 687 3760 in
702 3726 752 3760 ms.
770 3715 845 3761 notes
863 3712 903 3761 for
920 3713 1011 3773 adigit.
1045 3713 1134 3773 attigit
1151 3709 1220 3759 Flor.
1240 3710 1272 3758 91
1293 3708 1383 3759 camb.

180 3795 245 3845 Mar.
260 3795 357 3843 Arane.
374 3793 465 3842 Lamb.
483 3793 521 3843 ed
542 3794 566 3845 3.
683 3795 730 3844 935
747 3795 815 3843 Nom
829 3796 909 3856 protis
924 3800 1042 3842 anteacto
1054 3795 1116 3856 suit
1129 3794 1177 3843 tibi
1193 3795 1248 3842 vito
1261 3794 1383 3855 priorque

180 3876 229 3926 Ed.
246 3877 286 3926 for
300 3877 334 3925 N.
349 3892 385 3940 qr.
398 3877 455 3939 fait
470 3876 516 3925 tibi
530 3878 586 3925 cita
604 3883 722 3926 anteacto
736 3878 866 3940 priorque.
899 3876 1014 3938 Perhaps
1030 3876 1105 3926 Lucr.
1126 3878 1203 3946 wrote
1220 3875 1287 3923 Nam
1302 3876 1384 3936 protis

176 3957 288 4018 janitor
300 3955 358 4018 fait
370 3956 417 4004 tibi
429 3958 493 4005 cet:
511 3954 556 4003 the
570 3954 622 4004 uis
632 3969 752 4005 common
764 3955 793 4004 in
805 3955 849 4006 old
860 3953 966 4004 writers.
1000 3955 1033 4002 N:
1044 3968 1083 4015 qr.
1094 3955 1151 4017 suit
1162 3954 1223 4002 haec
1236 3962 1253 4002 t.
1267 3968 1290 4002 v.
1306 3968 1330 4001 a.
1342 3967 1383 4015 pr.

181 4037 260 4088 Lach.
306 4038 491 4099 N.ri9ratas.
505 4045 522 4087 t.
537 4053 559 4088 v.
574 4039 759 4101 apNauger.
805 4040 872 4088 Nam
881 4039 962 4100 oratic
966 4038 1048 4099 flacit
1058 4042 1107 4085 cet.
1119 4036 1185 4084 Mar.
1197 4034 1270 4084 Junt.
1317 4035 1385 4083 Nam

179 4128 279 4183 gratam
290 4121 314 4183 s.
333 4128 351 4172 t.
369 4136 394 4168 v.
411 4119 482 4169 Nico.
516 4121 584 4170 Nom
600 4123 711 4183 pratitae
723 4124 780 4185 fait
796 4121 872 4171 Bern.
945 4120 993 4171 941
1010 4120 1128 4181 offenaaat
1143 4115 1235 4166 Lamb.
1253 4116 1297 4164 for‘
1310 4116 1384 4177 offen·

182 4212 239 4255 eost.
442 4203 491 4253 942
508 4205 571 4252 mole
589 4211 612 4252 et
628 4203 650 4252 Β
667 4203 735 4254 Flor.
755 4203 787 4252 91
804 4204 851 4253 etc.
871 4200 976 4264 rightly.
1023 4202 1084 4249 ercli
1106 4207 1131 4249 et
1152 4198 1176 4246 A
1197 4196 1269 4245 Nico.
1293 4195 1383 4248 Oamb,

182 4286 255 4340 Wak.
357 4288 405 4337 943
422 4289 499 4351 finem
517 4289 587 4350 socio
604 4288 701 4337 Arane.
719 4287 760 4336 for
770 4287 850 4349 finem
865 4284 938 4334 iocis.
1073 4281 1121 4332 945
1134 4280 1236 4353 placeat
1253 4277 1324 4329 Nico.
1345 4278 1386 4327 for

179 4369 270 4431 placet.
372 4368 420 4418 948
438 4384 529 4430 perque
549 4367 639 4417 Lamb.
662 4366 702 4417 ed
725 4369 741 4416 3
763 4366 804 4415 ior
820 4378 915 4427 perper.
1013 4363 1062 4414 959
1083 4362 1135 4411 uiri
1157 4359 1222 4409 Mar.
1247 4357 1321 4408 Junt.
1344 4359 1385 4407 for
