3008 4800
731 226 781 291 VI

228 389 429 454 conveniunt
451 397 510 454 aut
532 389 566 452 in
590 388 699 453 taedai
721 409 850 472 corpore
875 388 1060 466 adhaerent,

227 492 400 557 ardescunt
423 493 515 556 facile
539 492 713 576 extemplo,
734 491 812 576 quia
836 492 941 555 multa
962 514 1088 577 quoque
1113 493 1147 556 in
1170 515 1204 558 se

226 595 351 659 semina
374 595 497 659 habent
519 594 605 679 ignis
627 603 766 679 stuppae
789 594 968 679 taedaeque
991 588 1146 690 latentis}

227 720 335 762 nonne
359 697 449 761 vides
472 697 581 771 etiam,
604 705 763 760 nocturna
785 699 826 763 ad
850 698 974 762 lumina
996 699 1097 762 linum
1281 717 1348 782 900

227 823 332 885 nuper
354 800 412 864 ubi
435 800 617 863 extinctum
640 799 820 878 admoveas,
842 801 1008 866 accendier
1029 810 1105 864 ante

228 925 327 988 quam
350 903 464 989 tetigit
486 902 660 978 flammam,
684 904 878 990 taedamque
901 905 970 990 pari
992 905 1115 968 ratione
1128 844 1162 986 ti

229 1006 399 1090 multaque
421 1012 589 1090 praeterea
612 1007 702 1090 prius
724 1007 794 1092 ipso
816 1017 905 1073 tacta
927 1029 1044 1092 vapore

229 1108 359 1172 eminus
381 1108 555 1173 ardescunt
577 1131 677 1193 quam
699 1110 879 1174 comminus
901 1111 1027 1174 imbuat
1049 1109 1141 1196 ignis.

228 1210 289 1275 hoc
312 1210 415 1297 igitur
437 1211 507 1276 fieri
530 1235 659 1297 quoque
682 1213 717 1277 in
739 1213 794 1277 illo
817 1215 905 1279 fonte
928 1180 1178 1313 putandumsti
1278 1229 1339 1297 905

272 1313 368 1392 Quod
391 1322 548 1399 superest,
573 1336 670 1400 agere
692 1314 845 1399 incipiam
868 1337 933 1400 quo
955 1315 1080 1379 foedere
1101 1315 1159 1379 fiat

228 1424 375 1492 naturae,
397 1417 479 1502 lapis
502 1417 554 1480 hic
577 1425 615 1481 ut
639 1418 759 1482 sermm
782 1419 899 1482 ducere
920 1419 1029 1503 possit,

228 1541 327 1604 quem
351 1519 508 1605 Magneta
530 1528 647 1584 vocant
669 1521 775 1606 patrio
797 1521 838 1586 de
861 1522 990 1586 nomine
1013 1521 1098 1596 Grai,

229 1621 424 1708 Magnetum
447 1623 524 1708 quia
546 1622 585 1688 fit
608 1623 724 1709 patriis
746 1624 781 1687 in
803 1624 923 1689 finibus
945 1591 1057 1706 ortusi

229 1724 317 1789 hunc
339 1725 486 1789 homines
509 1726 652 1811 lapidem
675 1727 852 1806 mirantur,
881 1728 1001 1813 quippe
1023 1737 1169 1792 catenam
1282 1745 1347 1807 910

228 1850 324 1914 saepe
348 1851 388 1892 ex
410 1829 525 1893 anellis
547 1830 655 1894 reddit
677 1830 896 1915 pendentibus
918 1853 958 1895 ex
980 1805 1036 1927 se(

229 1931 374 2016 quinque
397 1932 520 1996 etenim
543 1933 620 1997 licet
642 1932 808 1997 interdum
830 1934 1002 2020 pluresque
1024 1934 1130 1998 videre

229 2034 342 2100 ordine
364 2035 519 2100 demissos
542 2037 668 2101 levibus
691 2037 840 2103 iactarier
860 2039 956 2115 auris,

228 2159 314 2202 unus
336 2139 393 2202 ubi
416 2161 457 2203 ex
479 2162 544 2203 uno
567 2140 730 2224 dependet
752 2150 864 2226 supter
886 2141 1061 2205 adhaerens

230 2267 270 2309 ex
293 2245 423 2330 alioque
445 2245 529 2309 alius
551 2245 669 2331 lapidis
690 2245 756 2309 vim
780 2247 949 2331 vinclaque
971 2247 1089 2311 noscit:
1282 2263 1343 2330 915

231 2371 336 2434 usque
359 2349 440 2415 adeo
462 2358 692 2436 permananter
715 2349 763 2414 vis
785 2351 930 2436 pervolat
952 2332 1046 2450 eius}

148 2443 151 2451 ¹
276 2453 350 2516 Hoc
372 2475 476 2539 genus
498 2454 533 2517 in
555 2454 653 2519 rebus
675 2453 903 2518 firmandumst
924 2455 1029 2518 multa
1051 2454 1257 2540 priusquam

183 2617 186 2623 .
231 2555 334 2641 ipsius
357 2558 404 2621 rei
426 2558 585 2621 rationem
607 2556 742 2622 reddere
764 2558 874 2642 possis

234 2667 269 2724 et
291 2660 431 2724 nimium
454 2661 558 2747 longis
580 2660 773 2747 ambagibus
795 2669 844 2725 est
865 2660 1068 2740 adeundum;

231 2784 296 2847 quc
318 2763 423 2849 magis
445 2771 590 2827 attentas
612 2763 700 2826 auris
721 2763 932 2848 animumque
954 2733 1100 2853 reposco..
1283 2780 1349 2845 920

276 2867 438 2953 Principio
460 2868 610 2932 omnibus
633 2868 674 2932 ab
696 2869 801 2945 rebuS,
824 2889 1041 2953 quascumque
1064 2866 1218 2943 videmus,

231 2979 391 3056 perpetuo
413 2971 513 3035 fluere
536 2994 573 3036 ac
596 2972 687 3036 mitti
709 2972 881 3058 spargique
904 2981 1062 3035 necessest

231 3096 364 3160 corpora
385 3098 469 3160 quae
492 3076 609 3140 feriant
632 3075 739 3139 oculos
762 3075 931 3160 visumque
954 3048 1134 3172 lacessant}

231 3187 455 3264 perpetuoque
478 3180 586 3243 fluunt
608 3179 705 3244 certis
726 3178 769 3243 ab
791 3180 887 3244 rebus
909 3179 1037 3258 odores;

233 3282 335 3368 frigus
357 3291 397 3347 ut
419 3306 441 3348 a
462 3283 579 3360 fluviis,
603 3284 689 3348 calor
711 3284 752 3348 ab
775 3285 848 3363 sole,
871 3292 979 3349 aestus
1001 3286 1042 3349 ab
1065 3284 1159 3348 undis
1284 3296 1344 3364 925

185 3433 187 3438 -
233 3387 381 3470 aequoris
404 3409 516 3450 exesor
538 3408 720 3451 moerorum
742 3387 838 3451 litora
860 3362 1014 3494 propter..

232 3512 292 3554 nec
316 3491 396 3554 varii
419 3499 545 3555 cessant
568 3491 694 3555 sonitus
718 3513 848 3555 manare
871 3514 928 3576 per
949 3513 1051 3557 auras,

180 3651 227 3702 897
236 3658 283 3699 aar
294 3653 323 3700 in
335 3653 404 3700 tedai
412 3666 513 3714 corpore
523 3651 558 3700 Is.
568 3651 642 3701 Voss.
651 3651 679 3700 in
691 3666 739 3700 ms.
748 3655 821 3700 notes
829 3652 869 3700 tor
878 3660 923 3701 aut
932 3654 1023 3700 indeda
1032 3667 1144 3713 corpora:
1161 3654 1189 3700 in
1197 3651 1266 3700 tedai
1275 3650 1349 3699 Pont.

147 3732 211 3781 also.
245 3735 275 3782 in
287 3733 346 3781 teda
357 3749 413 3782 carm
422 3749 526 3796 corpora
539 3735 603 3782 Mar.
617 3748 638 3782 s.
650 3749 685 3783 m.
698 3733 754 3782 Ald.
772 3734 869 3784 1Junt.
1000 3735 1048 3784 898
1060 3736 1121 3797 quia
1132 3733 1201 3782 Flor.
1215 3735 1246 3782 31
1259 3732 1348 3782 Gamb.

147 3816 210 3866 Mar.
226 3816 330 3879 torqui.
446 3820 494 3869 899
507 3821 610 3867 latentis
622 3818 700 3868 Bern.
713 3819 752 3868 for
764 3826 880 3868 temutes.
915 3818 1107 3880 tepentirLacb
1225 3818 1272 3868 907
1285 3819 1350 3880 lupis

148 3896 170 3943 B
181 3910 246 3945 corr.
258 3896 328 3946 Flor.
340 3899 372 3946 31
385 3898 475 3948 camb.
488 3899 564 3947 Pont.
578 3898 642 3949 Mar.
658 3899 698 3948 for
710 3901 784 3962 lapsi.
883 3900 930 3950 908
945 3900 1020 3959 Quem
1031 3900 1051 3946 B
1063 3913 1127 3947 corr.
1139 3898 1206 3947 Flor.
1219 3898 1250 3946 31
1262 3896 1350 3946 Oamb.

150 3979 214 4030 Mar.
230 3979 270 4028 for
283 3981 372 4041 Quum.
491 3982 539 4032 909
545 3984 589 4044 fit.
623 3985 658 4031 sit
669 3983 740 4032 Nice.
752 3982 820 4030 Flor.
833 3984 864 4031 31
876 3983 947 4031 Mon.
959 3983 1024 4044 vulg.
1059 3988 1163 4044 ‘parum
1174 3980 1353 4042 Latine’says

148 4063 243 4113 bacha
260 4064 307 4113 but
318 4063 340 4112 it
351 4064 374 4113 is
385 4065 399 4113 I
410 4064 488 4114 think
499 4064 649 4124 dcfensible,
662 4081 692 4114 as
703 4066 791 4127 giving
804 4065 871 4115 their
884 4066 986 4122 motiva,
999 4069 1044 4113 not
1056 4064 1099 4113 the
1114 4063 1194 4126 poet’s
1205 4062 1332 4112 inferente
1343 4081 1349 4112 ε

147 4145 337 4205 comp.111100
348 4147 516 4194 Harmoniam
529 4148 594 4194 urai
606 4146 789 4207 praemicent,
804 4146 960 4209 quodfaciat
971 4161 1022 4195 aaa.
1057 4153 1132 4194 ortus.
1166 4152 1223 4193 orta
1233 4143 1312 4194 Lach.
1321 4157 1352 4193 as

147 4227 236 4276 11387.
372 4227 420 4276 912
434 4227 550 4289 Quinque
563 4227 584 4274 B
597 4241 663 4276 corr.
674 4226 744 4275 Flor.
757 4228 788 4275 31
801 4226 865 4276 Mar.
878 4227 918 4276 for
931 4229 980 4288 Qui
991 4241 1075 4288 neque.
1176 4227 1223 4277 913
1235 4226 1350 4274 demrbsos

148 4304 240 4355 Lamb.
252 4306 310 4356 first
321 4307 361 4356 for
373 4309 484 4357 demisso.
583 4308 633 4358 916
641 4317 819 4370 permananter
830 4308 899 4357 Flor.
912 4310 942 4356 91
955 4307 1043 4356 Camb.
1056 4307 1119 4357 Mar.
1135 4307 1173 4355 for
1181 4313 1348 4368 pennancter.

146 4391 262 4452 pervolat
274 4388 388 4438 'rumen
401 4388 459 4438 adv.
471 4404 532 4438 xxvr
546 4390 585 4447 13,
597 4389 683 4438 Bentl.
695 4389 736 4438 tor
744 4391 865 4453 pervalet.
1055 4390 1112 4452 [925
1124 4395 1161 4438 ut.
1194 4391 1217 4438 it
1229 4388 1350 4438 Kannen·
