3008 4800
740 189 790 254 IV

260 353 382 439 quippe
403 353 525 418 etenim
547 353 651 418 multo
673 353 777 440 magis
799 353 878 417 haec
900 361 978 417 sunt
1000 353 1112 416 tenvia
1133 360 1228 416 textu

261 477 359 540 quam
382 479 465 542 quae
487 455 670 542 percipiunt
692 456 799 520 oculos
822 457 992 541 visumque
1015 455 1184 529 lacessunt,

261 560 400 643 corporis
422 559 501 623 haec
523 559 674 645 quoniam
696 567 869 644 penetrant
892 581 949 642 per
971 581 1042 622 rara
1063 559 1214 642 cientque
1310 574 1377 638 730

262 670 393 726 tenvem
416 663 516 727 animi
539 671 688 727 naturam
710 663 800 726 intus
822 684 1015 747 sensumque
1038 641 1225 768 lacessunt..

262 763 443 829 Centauros
466 767 575 851 itaque
598 775 632 830 et
654 766 834 850 Scyllarum
857 767 1001 830 membra
1025 766 1172 830 videmus

262 867 500 954 Cerbereasque
521 892 637 933 canum
660 869 756 933 facies
779 869 1013 954 simulacraque
1036 892 1146 934 eorum

262 994 399 1056 quorum
421 982 525 1037 morte
547 973 638 1037 obita
659 973 757 1037 tellus
779 972 987 1058 amplectitur
1008 994 1096 1052 ossa3

262 1098 356 1140 omne
377 1098 482 1162 genus
504 1077 656 1160 quoniam
677 1075 797 1160 passim
819 1076 991 1139 simulacra
1012 1076 1169 1149 feruntur,
1311 1089 1373 1156 735

262 1177 383 1262 partim
405 1185 519 1262 sponte
541 1199 600 1240 sua
622 1198 705 1261 quae
727 1176 812 1241 fiunt
834 1199 907 1241 aere
929 1177 964 1240 in
986 1177 1065 1261 ipso,

263 1279 383 1363 partim
406 1300 490 1363 quae
511 1279 608 1342 variis
629 1279 671 1343 ab
692 1279 789 1343 rebus
811 1301 949 1363 cumque
971 1279 1126 1342 recedunt

262 1390 297 1446 et
319 1404 402 1467 quae
424 1381 568 1446 confiunt
589 1404 630 1447 ex
653 1383 768 1446 horum
791 1383 877 1447 facta
898 1382 1017 1469 figuris.
1022 1357 1031 1495 J

263 1508 339 1549 nam
361 1495 447 1550 certe
470 1508 510 1550 ex
531 1486 605 1550 vivo
627 1484 784 1552 Centauri
806 1509 870 1551 non
892 1486 931 1550 fit
953 1486 1068 1572 imago,

264 1587 355 1651 nulla
377 1588 440 1654 fuit
462 1589 614 1674 quoniam
637 1589 711 1654 talis
733 1597 851 1653 natura
872 1588 1063 1666 animantis3
1313 1601 1378 1668 740

264 1712 376 1755 verum
399 1691 456 1756 ubi
479 1693 554 1778 equi
575 1701 675 1778 atque
696 1692 835 1757 hominis
857 1714 932 1757 casu
954 1692 1106 1757 convenit
1128 1689 1243 1778 imago,

265 1794 423 1860 haerescit
446 1795 538 1860 facile
560 1796 733 1881 extemplo,
755 1796 841 1880 quod
862 1795 1004 1859 diximus
1026 1803 1112 1871 ante,

263 1906 396 1982 propter
417 1899 571 1964 subtilem
593 1892 743 1964 naturam
766 1908 801 1964 et
823 1899 934 1964 tenvia
956 1878 1072 1987 textal

265 2009 373 2065 cetera
394 2002 435 2066 de
457 2024 574 2088 genere
597 2003 657 2067 hoc
679 2002 793 2067 eadem
813 2002 938 2066 ratione
961 1975 1135 2133 meantum!

266 2125 349 2188 quae
371 2127 445 2169 cum
468 2105 631 2170 mobiliter
652 2127 779 2169 summa
800 2105 935 2169 levitate
958 2105 1114 2178 feruntur,

265 2217 304 2270 ut
325 2207 415 2292 prius
437 2209 574 2288 ostendi,
598 2209 691 2273 facile
714 2231 778 2274 uno
800 2216 980 2274 commovet
1002 2208 1070 2271 ictu

267 2310 432 2393 quaelibet
453 2334 520 2376 una
540 2312 685 2376 animum
708 2312 801 2376 nobis
823 2311 953 2375 subtilis
975 2310 1100 2396 imag03

267 2414 373 2478 tenvis
395 2415 482 2479 enim
505 2437 595 2480 mens
617 2423 723 2480 estet
745 2415 827 2480 mire
848 2414 976 2479 mobilis
997 2397 1095 2520 ipsa}

312 2517 403 2583 Haec
424 2519 495 2583 fieri
517 2527 555 2584 ut
577 2541 726 2596 memoro,
749 2518 840 2583 facile
863 2517 938 2583 hinc
960 2538 1147 2604 cognoscere
1169 2515 1277 2602 possis.

268 2630 430 2706 quatenus
453 2624 513 2688 hoc
534 2623 639 2688 simile
661 2632 711 2688 est
733 2624 791 2699 illi,
811 2623 898 2708 quod
920 2630 1030 2687 mente
1052 2621 1199 2684 videmus
1316 2635 1381 2700 750

268 2734 368 2811 atque
391 2727 499 2802 oculis,
522 2727 620 2791 simili
641 2727 711 2792 fieri
733 2727 858 2791 ratione
880 2748 1008 2791 necesse
1031 2697 1108 2816 estl

268 2851 354 2892 nunc
377 2828 478 2916 igitur
500 2829 594 2894 docui
615 2831 767 2915 quoniam
790 2852 842 2894 me
865 2830 946 2894 forte
969 2830 1093 2894 leonem

269 2953 397 2996 cernere
420 2955 477 3017 per
498 2933 677 3010 simulacra,
697 2933 805 2998 oculos
826 2955 1047 3018 quaecumque
1070 2932 1237 3006 lacessunt,

269 3035 349 3100 scire
372 3035 448 3100 licet
470 3044 613 3100 mentem
635 3036 734 3101 simili
755 3036 879 3112 ratione
902 3036 1030 3111 moveri,

269 3159 327 3222 per
348 3137 519 3203 simulacra
540 3141 665 3203 leonem
687 3148 721 3203 et
744 3148 852 3204 cetera
873 3161 956 3229 quae
978 3139 1067 3203 videt
1089 3159 1192 3222 aeque
1317 3151 1376 3217 755

268 3263 328 3305 nec
350 3242 458 3307 minus
479 3252 577 3329 atque
600 3243 691 3320 oculi,
714 3243 778 3307 nisi
800 3243 886 3328 quod
909 3265 1003 3329 mage
1026 3242 1139 3306 tenvia
1160 3240 1271 3305 cernit.

269 3366 328 3409 nec
350 3346 474 3410 ratione
496 3346 567 3423 alia,
590 3369 664 3411 cum
686 3369 817 3411 somnus
840 3346 985 3411 membra
1007 3345 1158 3432 profudit,

1314 2115 1376 2182 745

183 3528 269 3577 illisB
282 3542 347 3578 corr.
360 3529 399 3579 for
408 3516 473 3579 ilus:
486 3535 496 3579 7
508 3533 571 3580 ibus.
653 3523 656 3530 ’
729 3532 776 3581 727
789 3533 888 3580 brattea
899 3530 951 3590 AB,
966 3533 1012 3577 not
1024 3529 1137 3578 baccea:
1156 3544 1185 3578 so
1196 3543 1258 3578 mss.
1270 3528 1300 3577 of
1309 3527 1378 3590 Virg.

183 3610 247 3659 Aen.
258 3625 286 3659 vr
296 3612 352 3662 209.
454 3612 502 3663 730
509 3628 556 3675 per
566 3628 627 3662 rara
637 3612 704 3662 Mar.
717 3613 774 3662 ald.
787 3615 801 3661 l
813 3613 885 3663 Junt.
900 3612 940 3662 lor
948 3626 1049 3674 perora.
1156 3613 1204 3663 735
1217 3613 1293 3661 Omne
1303 3626 1380 3673 qartus

184 3691 249 3740 Mar.
262 3692 334 3744 Junt.
349 3693 388 3742 for
401 3695 558 3756 Omniqeuuc.
594 3695 755 3756 omnigenum
766 3693 836 3744 Nico.
946 3692 1143 3754 736fiuntMar.
1159 3693 1216 3743 Ald.
1230 3695 1243 3742 1
1256 3694 1330 3742 Junt.
1343 3693 1383 3742 for

178 3774 287 3836 fluum,
295 3774 492 3836 fluuntAcorr.
506 3775 536 3823 B.
622 3775 670 3826 740
681 3777 767 3824 aniam
778 3775 831 3832 AB,
842 3776 939 3823 animai
951 3772 1021 3821 Nico.
1034 3773 1227 3823 andallbelore
1239 3773 1290 3823 Gif.
1327 3776 1381 3821 ani-

182 3857 256 3904 malis
268 3855 358 3906 Lamb.
373 3855 413 3904 ed.
425 3858 440 3905 3
452 3857 520 3917 vulg.
532 3856 612 3904 Lech.
640 3857 777 3904 animatis
790 3855 843 3904 Gir.
855 3857 923 3902 most
934 3852 1061 3916 properly,
1075 3868 1104 3902 ns
1115 3853 1191 3904 Lucr.
1205 3854 1265 3903 does
1277 3858 1324 3902 not
1337 3869 1382 3903 use

184 3937 227 3986 the
243 3937 406 3988 substantive
421 3941 518 3988 animal
531 3939 560 3986 in
575 3937 619 3987 the
630 3937 755 3999 singular,
767 3939 855 4000 except
867 3950 882 3982 v
893 3938 950 3993 823,
961 3935 1044 3984 where
1055 3951 1124 3984 omne
1136 3938 1233 3986 aninml
1245 3936 1268 3985 is
1279 3936 1380 3998 equiva-

184 4018 238 4069 lent
250 4023 276 4070 to
288 4025 372 4070 omnia
383 4022 521 4070 animalia:
538 4035 579 4069 see
591 4023 664 4069 notes
676 4019 779 4089 2there.
923 4019 1025 4068 741uti
1037 4021 1095 4079 equi
1107 4027 1183 4082 atquc
1194 4021 1300 4068 hominis
1312 4034 1381 4068 caru.

183 4104 228 4150 ubi
243 4105 303 4166 equi
317 4118 377 4152 casu
392 4112 468 4166 atque
484 4105 589 4153 luminis
604 4101 687 4154 Laohe
699 4102 756 4152 who
772 4101 859 4151 denies
874 4100 933 4150 that
948 4100 994 4149 the
1008 4100 1060 4148 last
1075 4101 1133 4162 syll.
1150 4101 1179 4151 of
1191 4116 1226 4150 an
1241 4100 1343 4150 iambus
1359 4101 1382 4150 is

183 4198 240 4232 ever
251 4184 335 4233 elided
346 4185 373 4233 in
384 4185 461 4235 Lucr.
593 4185 640 4235 752
652 4186 725 4234 doctu
740 4186 866 4246 quoniam.
900 4184 1017 4244 quoniam
1028 4183 1101 4230 docui
1113 4181 1203 4231 Lamb.
1215 4181 1255 4231 ed.
1268 4185 1283 4230 2
1295 4181 1346 4231 and
1359 4183 1382 4241 3,

184 4266 388 4316 cto.andLach.
455 4266 636 4316 bmrnLach.
649 4265 805 4315 forleoaum.
839 4265 917 4312 bonu
930 4261 1064 4313 ManAld.
1079 4263 1178 4314 lJunt.
1193 4263 1261 4324 vulg.
1334 4266 1381 4314 755

187 4352 281 4399 leonem
297 4357 321 4399 et
337 4359 420 4400 cetera
434 4350 514 4400 bach.
527 4351 567 4400 lor
582 4352 679 4399 leonum
688 4357 785 4399 cetera:
803 4355 826 4398 et
837 4360 890 4396 was
900 4345 1005 4408 already
1016 4344 1100 4395 added
1111 4345 1145 4408 by
1157 4345 1222 4396 Mar.
1233 4346 1291 4395 Ald.
1305 4348 1319 4395 1
1331 4348 1384 4397 and
