3008 4800
745 202 795 266 IV

252 362 351 427 efficit
373 370 411 426 ut
433 363 599 428 videamus
622 372 656 428 et
678 363 894 430 internoscere
916 373 1027 446 curat;
1085 412 1087 416 »
1309 347 1371 450 245

252 489 328 531 nam
351 489 425 531 cum
447 468 600 544 mittitur,
623 469 787 554 extemplo
809 469 974 554 protrudit
995 469 1129 556 agitque

253 591 327 633 aera
350 570 407 655 qui
428 570 515 634 inter
536 592 569 634 se
592 592 731 655 cumque
753 581 803 636 est
825 573 997 658 oculosque
1019 572 1151 650 locatus,

253 673 345 757 isque
367 672 415 736 ita
436 696 495 759 per
515 683 641 738 nostras
662 674 746 738 acies
768 675 947 758 perlabitur
969 675 1074 739 omnis

253 785 288 839 et
310 776 402 860 quasi
424 783 590 862 perterget
611 776 753 861 pupillas
774 785 874 862 atque
896 777 944 841 ita
967 747 1115 865 transitl

169 893 228 959 251
254 887 424 964 propterea
445 879 484 944 fit
505 879 556 943 uti
578 879 746 944 videamus
767 902 866 964 quam
887 881 998 965 procul
1020 880 1108 945 absit
1308 896 1375 962 250

170 1002 188 1047 2
193 998 234 1065 50
254 1006 305 1048 res
327 1005 483 1069 quaeque.
507 991 541 1048 et
563 991 686 1068 quanto
708 984 782 1069 plus
803 984 887 1048 aeris
908 993 985 1049 ante
1006 985 1153 1070 agitatur

254 1095 288 1152 et
310 1095 435 1151 nostros
457 1087 566 1151 oculos
586 1093 752 1173 perterget
775 1087 899 1173 longior
921 1110 1010 1164 aura,

253 1199 322 1255 tam
344 1191 455 1276 procul
477 1212 545 1254 esse
569 1190 671 1276 magis
693 1212 744 1254 res
766 1212 914 1275 quaeque
936 1200 1062 1257 remota
1083 1170 1244 1295 videturl

254 1294 377 1358 scilicet
399 1293 479 1356 haec
500 1314 625 1356 summe
646 1292 742 1357 celeri
765 1293 890 1357 ratione
911 1302 1081 1381 geruntur,

141 1397 149 1417 ⁶
252 1398 348 1484 quale
370 1397 414 1462 sit
435 1404 474 1461 ut
497 1395 663 1460 videamus
684 1405 719 1460 et
741 1419 807 1461 una
828 1419 926 1482 quam
949 1399 1059 1483 procul
1081 1360 1189 1482 absitl

254 1501 336 1567 illud
358 1501 394 1565 in
416 1499 467 1565 his
488 1500 583 1565 rebus
605 1499 739 1565 minime
762 1500 909 1566 mirabile
931 1500 1158 1577 habendumst,

255 1627 321 1681 cur,
343 1626 381 1669 ea
403 1625 488 1690 quae
510 1603 628 1668 feriant
650 1604 757 1668 oculos
778 1603 951 1670 simulacra
972 1604 1075 1670 videri

255 1708 383 1794 singula
404 1728 479 1771 cum
502 1714 673 1793 nequeant,
694 1727 746 1770 res
766 1705 857 1791 ipsae
878 1682 1138 1792 perspicianturl

257 1818 375 1875 ventus
397 1809 486 1874 enim
507 1830 636 1894 quoque
656 1809 816 1894 paulatim
838 1831 912 1873 cum
934 1810 1084 1875 verberat
1107 1818 1141 1874 et
1163 1832 1236 1874 cum

172 1914 231 1977 261
257 1934 329 1977 acre
351 1911 426 1976 fluit
448 1911 558 1998 frigus,
580 1933 644 1975 non
667 1911 792 1997 privam
813 1933 976 1997 quamque
998 1912 1137 1976 solemus

173 2021 237 2083 260
257 2015 451 2103 perticulam
474 2015 563 2079 venti
585 2015 705 2080 sentire
727 2023 760 2080 et
783 2015 908 2102 frigoris
931 2015 1010 2093 eius,

255 2120 312 2185 sed
335 2119 438 2206 magis
460 2141 622 2195 unorsum,
645 2119 778 2204 fierique
801 2119 934 2204 perinde
956 2119 1103 2184 videmus

254 2246 384 2309 corpore
407 2231 479 2288 turn
500 2223 612 2308 plagas
634 2222 669 2285 in
691 2230 800 2288 nostro
822 2231 991 2309 tamquam
1013 2223 1142 2309 aliquae
1164 2245 1215 2288 res

257 2327 405 2391 ¹verberet
427 2334 527 2412 atque
548 2325 600 2389 sui
622 2326 679 2390 det
701 2347 831 2390 sensum
853 2327 993 2412 corporis
1015 2319 1133 2409 extra(

258 2438 426 2517 praeterea
448 2429 589 2514 lapidem
612 2428 716 2515 digito
737 2451 812 2492 cum
835 2430 1013 2506 tundimus,
1035 2430 1141 2513 ipsum

259 2534 424 2619 tangimus
446 2542 627 2597 extremum
649 2532 719 2596 saxi
741 2554 970 2618 summumque
991 2533 1138 2609 colorem,

258 2660 318 2702 nec
340 2637 499 2702 sentimus
520 2658 596 2700 eum
618 2643 719 2712 tactu,
741 2657 853 2700 verum
876 2637 980 2722 magis
1002 2636 1106 2721 ipsam

262 2741 417 2806 duritiem
439 2740 571 2825 penitus
593 2739 663 2802 saxi
685 2738 843 2803 sentimus
864 2740 899 2803 in
920 2733 1011 2834 alto]

303 2845 402 2909 Nunc
423 2866 493 2931 age,
515 2866 572 2908 cur
593 2843 681 2907 ultra
703 2843 871 2928 speculum
894 2844 1044 2909 videatur
1066 2844 1173 2930 imago

259 2949 406 3036 percipe;
434 2971 511 3012 nam
533 2956 622 3012 certe
642 2948 774 3033 penitus
796 2955 920 3012 semota
943 2927 1095 3039 videturl

260 3053 345 3139 quod
367 3073 471 3138 genus
492 3051 549 3115 illa
570 3050 646 3115 foris
668 3073 751 3136 quae
774 3073 848 3114 vere
872 3051 1136 3136 transpiciuntur,

260 3157 357 3219 ianua
379 3176 454 3218 cum
476 3175 534 3239 per
555 3175 589 3218 se
612 3162 834 3238 transpectum
855 3154 991 3238 praebet
1012 3162 1172 3239 apertum,

260 3260 365 3323 multa
387 3257 529 3343 facitque
551 3257 626 3321 loris
648 3281 689 3321 ex
711 3257 847 3322 aedibus
868 3265 907 3322 ut
930 3236 1125 3361 videantur]

260 3363 288 3427 is
310 3383 438 3447 quoque
461 3362 548 3425 enim
570 3360 692 3445 duplici
713 3361 907 3446 geminoque
929 3361 968 3426 fit
990 3385 1063 3426 aere
1085 3333 1200 3464 visusl

176 3541 216 3589 lor
231 3541 328 3589 dedito.
433 3537 481 3586 245
498 3543 578 3586 rarat,
614 3536 682 3597 cogit
699 3534 778 3583 Lech.
796 3534 913 3595 because,
932 3535 994 3583 with
1012 3543 1093 3594 curet,
1111 3537 1277 3584 internoscere
1293 3533 1380 3583 would

177 3622 255 3673 stand
264 3621 299 3671 he
310 3636 370 3683 says
381 3620 421 3670 for
432 3635 468 3669 an
479 3617 631 3675 mensatim,
640 3616 692 3666 and
699 3616 727 3665 in
737 3616 797 3666 that
804 3632 862 3666 case
871 3617 947 3666 Luor.
957 3616 1041 3666 would
1050 3617 1125 3667 make
1133 3617 1154 3665 it
1163 3629 1258 3678 govern
1267 3613 1380 3664 another

175 3703 326 3761 accusative,
339 3701 438 3764 though
449 3701 482 3751 he
493 3702 581 3750 allows
593 3699 651 3748 that
662 3698 764 3748 Ennius
776 3698 839 3749 does
852 3703 899 3749 not
910 3700 1015 3749 observa
1026 3698 1091 3747 such
1105 3714 1121 3748 a
1134 3699 1191 3755 law,
1204 3711 1233 3746 as
1245 3695 1273 3744 in
1284 3697 1379 3745 audere

175 3788 308 3850 repressit:
333 3798 349 3833 a
373 3783 513 3832 somewhat
536 3780 688 3830 far-letched
705 3780 873 3830 distinction:
896 3795 938 3830 see
955 3783 1029 3828 notes
1046 3782 1070 3828 2.
1185 3779 1233 3828 246
1247 3777 1381 3840 protmdit

175 3868 266 3920 Lamb.
278 3868 318 3918 lor
326 3867 453 3931 protudit:
471 3881 499 3916 so
511 3865 559 3914 280
567 3867 686 3927 procudit
696 3864 765 3912 Flor.
778 3865 809 3911 31
822 3863 911 3912 camb.
923 3866 971 3912 etc.
1006 3863 1077 3912 Flor.
1089 3864 1121 3914 29
1135 3861 1211 3911 reads
1225 3860 1289 3910 with
1306 3859 1376 3909 Nica

175 3977 296 4038 protulit:
314 3972 427 4024 Politian
444 3973 472 4022 in
489 3987 570 4034 marg.
588 3970 636 4020 has
649 3938 781 4032 proludit3
798 3968 827 4017 in
846 3970 892 4019 187
908 3968 942 4018 he
956 3972 1035 4018 wrote
1047 3977 1079 4017 tr.
1091 3983 1152 4018 over
1163 3967 1207 4016 the
1217 3983 1231 4016 c
1243 3967 1272 4016 ol
1286 3968 1380 4016 cadurs

177 4066 226 4108 tur.
341 4058 390 4106 250
405 4056 458 4105 and
474 4056 530 4115 251,
544 4054 592 4103 260
609 4053 663 4103 and
680 4053 744 4101 261:
762 4051 825 4102 Mar.
841 4051 898 4101 Ald.
913 4051 1011 4100 lJunt.
1027 4051 1083 4100 first
1094 4050 1160 4099 have
1172 4049 1244 4099 these
1255 4063 1340 4099 verses
1352 4048 1381 4097 in

177 4139 245 4189 their
254 4137 324 4201 right
334 4138 417 4189 order.
531 4136 579 4185 260
588 4137 689 4198 privum
700 4132 752 4183 cit.
767 4133 806 4182 for
815 4136 937 4195 primam
960 4138 1002 4182 ‘ex
1012 4147 1037 4182 v.
1050 4133 1081 4181 o.’
1092 4132 1127 4181 he
1138 4145 1207 4193 says.
1331 4131 1380 4181 267

178 4223 259 4284 ipram
269 4220 339 4271 Nico.
353 4220 376 4269 B
392 4234 458 4269 corr.
476 4219 516 4267 lor
532 4221 598 4280 ipso.
729 4214 778 4264 270
793 4221 887 4262 semota
904 4214 969 4263 Mar.
983 4213 1039 4264 Ald
1055 4215 1069 4261 1
1087 4213 1163 4262 Junt.
1175 4213 1215 4261 for
1225 4219 1333 4261 remota:
1352 4226 1381 4260 so

178 4303 233 4353 280.
268 4310 386 4351 remmota
396 4302 427 4360 B,
439 4300 523 4350 which
536 4314 595 4360 may
607 4299 638 4346 be
649 4295 726 4358 right.
838 4296 886 4344 271
898 4294 952 4343 and
963 4296 1011 4344 278
1022 4309 1088 4356 quae
1099 4309 1156 4344 vere
1169 4295 1381 4356 trompiciuwtar.

177 4381 256 4433 Laoh.
265 4383 400 4444 possessed
410 4382 445 4445 by
455 4382 497 4431 his
506 4381 596 4441 theory
608 4379 637 4427 of
647 4378 711 4440 quod
721 4391 797 4438 qenes
810 4375 861 4439 (see
874 4390 895 4424 11
908 4374 964 4439 194)
975 4374 1085 4424 without
1096 4389 1148 4437 any
1160 4372 1295 4436 authority
1305 4373 1381 4424 reads
