3008 4800
757 165 786 228 V

248 351 313 394 non
334 327 431 392 nimis
454 327 588 393 incertis
611 327 695 393 fiunt
717 327 751 392 in
774 328 922 414 partibus
944 285 1052 425 annil

250 455 391 518 namque
413 432 470 497 ubi
492 433 538 497 sic
560 433 692 497 fuerunt
714 455 881 497 causarum
904 430 1035 497 exordia
1056 432 1168 517 prima,

248 543 347 619 atque
369 535 417 598 ita
438 556 489 599 res
511 534 625 599 mundi
647 534 788 599 cecidere
810 535 852 599 ab
875 533 999 620 origine
1027 533 1139 618 prima,

248 642 406 723 conseque
428 658 557 722 quoque
580 637 644 700 iam
668 636 804 701 redeunt
826 659 866 700 er
889 636 1002 700 ordine
1024 616 1135 726 certol

293 739 442 806 Crescere
465 740 610 825 itemque
631 739 701 804 dies
724 739 798 803 licet
821 749 855 804 et
877 739 1041 804 tabescere
1063 752 1183 815 noctes,

249 851 284 906 et
306 841 409 905 minui
432 841 528 916 luces,
550 863 624 905 cum
646 849 776 905 sumant
799 841 953 928 augmina
975 851 1093 918 noctes

249 952 308 1009 aut
330 944 407 1030 quia
428 944 475 1008 sol
498 944 583 1009 idem
607 942 668 1008 sub
690 952 791 1008 terras
813 953 912 1030 atque
934 966 1072 1031 superne

250 1046 428 1134 imparibus
450 1068 581 1110 currens
603 1045 812 1110 amfractibus
834 1046 976 1110 aetheris
999 1068 1069 1111 oras

185 1219 189 1228 ,
250 1149 351 1234 partit
374 1157 408 1213 et
431 1148 466 1212 in
488 1147 590 1234 partis
611 1170 677 1211 non
698 1169 817 1232 aequas
838 1147 956 1212 dividit
978 1148 1095 1226 orbem,

250 1260 284 1316 et
306 1250 393 1336 quod
416 1251 457 1314 ab
479 1250 638 1313 alterutra
658 1248 800 1314 detraxit
822 1257 924 1335 parte,
945 1251 1072 1336 reponit

250 1353 321 1418 eius
342 1353 377 1416 in
398 1352 534 1416 adversa
555 1358 647 1424 tanto
669 1352 741 1436 plus
763 1358 856 1437 parte
877 1351 1007 1427 relatus,

249 1457 351 1521 donec
372 1455 413 1519 ad
436 1454 471 1519 id
493 1454 622 1540 signum
644 1454 724 1519 caeli
746 1455 903 1540 pervenit,
926 1454 985 1519 ubi
1006 1454 1083 1518 anni

251 1559 354 1623 nodus
375 1565 548 1622 nocturnas
571 1567 730 1642 exaequat
752 1558 877 1624 lucibus
898 1559 1037 1624 umbras

250 1685 336 1741 nam,
357 1662 463 1727 medio
486 1684 581 1726 cursu
603 1661 701 1725 flatus
722 1661 880 1747 aquilonis
901 1669 937 1726 et
958 1662 1070 1738 austri,

249 1767 388 1832 distinet
409 1773 548 1851 aequato
570 1766 695 1831 caelum
716 1766 901 1832 discrimine
923 1777 1027 1832 metas

250 1877 383 1956 propter
404 1866 550 1954 signiferi
572 1867 748 1953 posituram
771 1869 872 1934 totius
889 1870 989 1947 orbis,

250 1994 359 2036 annua
380 1971 427 2034 sol
449 1970 485 2034 in
507 1991 569 2055 quo
591 1970 754 2036 concludit
775 1979 921 2057 tempora
943 1994 1082 2058 serpens,

250 2074 380 2160 obliquo
402 2082 503 2138 terras
525 2073 706 2138 etcaclum
728 2074 850 2139 lumine
872 2074 1022 2152 lustrans,

250 2186 289 2243 ut
311 2177 393 2242 ratio
415 2177 557 2241 declarat
579 2198 689 2241 eorum
712 2177 768 2263 qui
791 2178 859 2243 loca
880 2178 962 2243 cael-i

250 2280 359 2347 omnia
380 2279 544 2365 dispositis
565 2265 673 2366 3131111
689 2289 801 2346 ornata
821 2251 999 2390 notarunt!

250 2391 309 2448 aut
331 2381 407 2468 quia
428 2381 561 2447 crassior
583 2390 633 2446 est
654 2383 749 2448 certis
772 2384 807 2448 in
828 2383 977 2470 partibus
997 2406 1060 2460 aer,

250 2485 311 2551 sub
333 2485 427 2550 terris
448 2485 521 2550 ideo
543 2485 718 2550 tremulum
741 2486 834 2550 iubar
856 2486 997 2552 haesitat
1018 2486 1103 2573 ignis

250 2612 309 2655 nec
331 2599 499 2676 penetrare
522 2597 629 2675 potest
652 2590 743 2654 facile
765 2599 864 2676 atque
886 2611 1051 2677 emergere
1073 2590 1114 2654 ad
1137 2557 1252 2706 ortus,

199 2782 200 2785 Ἴ
230 2702 420 2781 <propterea
441 2701 551 2758 noctes
574 2693 707 2757 hiberno
729 2702 874 2779 tempore
897 2693 1012 2780 longae

250 2807 383 2875 cessant,
406 2798 484 2863 dum
507 2799 616 2864 veniat
638 2797 800 2889 radiatum
822 2798 949 2884 insigne
971 2763 1059 2913 dieil

250 2914 309 2970 aut
331 2904 439 2980 etiam,
461 2903 539 2989 quia
559 2903 605 2967 sic
626 2902 758 2967 alternis
779 2902 927 2987 partibus
949 2903 1026 2967 anni

251 3007 375 3072 tardius
396 3014 430 3071 et
452 3005 549 3070 citius
571 3012 765 3069 consuerunt
786 3003 945 3069 confluere
967 3005 1058 3090 ignes

251 3111 308 3197 qui
330 3109 454 3174 faciunt
475 3108 574 3173 solem
597 3115 685 3172 certa
707 3106 877 3194 desurgere
899 3115 1001 3193 parte,

249 3222 418 3300 propterea
439 3213 478 3278 fit
500 3213 551 3277 uti
573 3211 744 3276 videantur
764 3211 869 3277 dicere
892 3234 1005 3277 verum

165 3497 228 3548 Mar.
243 3495 298 3546 Ald.
314 3496 329 3543 l
340 3494 414 3543 Junt.
425 3494 483 3542 first
494 3493 535 3542 sor
545 3493 672 3541 Flumina.
802 3491 850 3542 679
863 3492 990 3552 Cottaeque
1000 3505 1095 3553 quoque
1107 3493 1159 3539 iam
1169 3493 1274 3541 redeunt
1282 3491 1363 3542 Isach.

164 3579 204 3629 lor
217 3577 370 3640 Gomequiae
382 3590 478 3638 quoque
489 3576 540 3624 ium
551 3589 648 3623 rerumz
665 3587 681 3621 a
695 3571 811 3621 brilliant
825 3571 1000 3622 emendation,
1036 3575 1179 3635 Omraeqrure
1195 3575 1210 3621 2
1226 3573 1284 3624 Vat.
1302 3574 1360 3624 Ver.

164 3661 228 3710 Ven.
263 3661 393 3720 Goruequu
408 3663 502 3704 notura
516 3662 553 3704 eat
568 3653 791 3703 iomremmFlo'r.
804 3652 936 3702 alcamb.
949 3652 1111 3702 allatum.
1124 3655 1193 3716 vulg.
1228 3656 1363 3717 Goruequi·

164 3749 206 3791 tur
217 3755 313 3804 quoque
325 3741 378 3788 lom
388 3740 463 3787 series
474 3737 549 3786 Pont.
728 3735 855 3786 689-693
866 3734 947 3784 Lach.
960 3735 1008 3784 has
1020 3735 1090 3797 quite
1101 3735 1255 3798 causelessly
1266 3735 1364 3786 altered

164 3822 217 3873 this
227 3834 336 3885 passage
350 3819 378 3867 in
393 3833 472 3880 many
483 3816 584 3879 points:
602 3815 650 3868 690
666 3816 795 3865 formetur
810 3816 843 3865 ha
857 3815 931 3864 reads
946 3824 1041 3866 metuas
1056 3831 1085 3866 as
1100 3816 1175 3866 Pont.
1192 3816 1278 3866 before
1293 3815 1362 3866 him:

162 3906 237 3968 [oceli
250 3905 315 3953 Mar.
328 3903 368 3951 lor
382 3902 503 3963 coeluum]
521 3901 568 3951 692
584 3899 636 3949 and
652 3900 698 3950 693
715 3900 746 3948 he
762 3900 865 3958 inverte,
882 3900 929 3950 693
946 3901 985 3950 for
999 3902 1099 3963 obliquo
1114 3900 1148 3949 he
1163 3900 1239 3949 reads
1255 3902 1361 3963 obliqui,

162 3986 264 4049 joining
275 3985 297 4033 it
308 3983 371 4033 with
382 3985 462 4034 orbis:
478 3982 512 4031 he
522 3981 574 4030 will
585 3985 631 4030 not
642 3981 707 4030 have
717 3997 821 4044 semem,
832 3982 941 4031 lustrum
952 3980 981 4030 in
992 3981 1140 4044 apposition
1152 3996 1204 4044 any
1215 3996 1286 4031 more
1298 3981 1362 4031 than

163 4068 211 4117 524
229 4069 320 4124 euntis,
334 4066 478 4128 poscentis3
502 4079 531 4112 or
550 4077 577 4111 vr
596 4064 658 4111 1141
675 4065 784 4120 ventem,
802 4070 878 4120 onus,
896 4062 949 4112 and
967 4063 1031 4112 1260
1051 4065 1178 4125 lanquoris,
1199 4065 1361 4124 couceuieua;

163 4147 262 4211 though
277 4145 393 4196 suohlike
409 4143 598 4194 constructione
614 4158 658 4193 are
672 4157 791 4192 common
807 4143 835 4192 in
847 4144 923 4193 Lucr.
939 4143 991 4193 and
1006 4144 1034 4192 in
1050 4144 1161 4193 Cicero’s
1171 4145 1266 4193 Aratea
1278 4143 1362 4194 which

162 4233 239 4281 Luor.
250 4230 322 4280 often
333 4227 456 4277 imitatas.
558 4226 605 4276 692
622 4227 747 4275 concludit
758 4225 838 4276 Lach.
853 4225 892 4275 for
903 4228 1025 4277 contudit.
1059 4228 1191 4276 cmztuudit
1204 4226 1276 4275 Mon.
1287 4225 1359 4275 Brix.

161 4313 230 4377 vulg.
332 4311 380 4363 700
397 4311 448 4358 diei
460 4308 528 4358 Nico.
541 4309 581 4356 for
592 4310 653 4356 diei.
757 4308 804 4358 704
821 4306 842 4357 it
853 4322 936 4357 seems
948 4311 974 4357 to
986 4322 1028 4356 me
1040 4307 1163 4357 manifest
1174 4306 1233 4357 that
1245 4306 1290 4356 the
1300 4313 1361 4370 poet
