3008 4800
698 219 753 283 III

219 385 246 448 si
269 384 376 447 minus
398 382 535 446 offendit
560 380 661 444 vitam
685 382 733 444 vis
757 381 887 444 horrida
909 381 968 444 teli

220 487 344 551 ossibus
365 508 402 549 ae
425 486 532 548 nervis
554 482 702 547 disclusis
725 484 815 547 intus
837 484 961 557 adacta,

219 598 254 652 at
277 598 387 652 tamen
409 585 594 670 insequitur
617 584 753 671 languor
777 594 947 670 terraeque
970 585 1096 670 petitus

219 670 333 776 sigliis,
357 697 391 753 et
414 689 447 752 in
471 697 557 751 terra
580 687 700 752 mentis
721 688 779 772 qui
801 689 951 774 gignitur
973 697 1093 762 aestua,

218 792 447 876 interdumque
470 791 562 876 quasi
585 791 764 876 exurgendi
787 791 915 855 incerta
937 774 1114 891 voluntas}

217 916 293 980 ergo
314 915 497 979 corpoream
520 903 671 958 naturam
693 893 796 957 animi
818 915 888 958 esse
910 904 1079 971 necessest,

219 997 375 1083 corporeis
398 996 552 1082 quoniam
575 996 650 1061 telis
672 996 806 1080 ictuque
829 965 985 1117 laborat!

262 1102 295 1166 Is
318 1102 380 1167 tibi
402 1125 489 1166 nunc
510 1102 639 1166 animus
661 1101 751 1187 quali
774 1101 818 1165 sit
840 1123 971 1186 corpore
994 1110 1028 1165 et
1050 1102 1136 1166 unde

218 1204 403 1270 constiterit
425 1228 558 1292 pergam
581 1204 740 1308 rationem
763 1205 898 1268 reddere
922 1187 1041 1306 dictis}

217 1308 374 1393 principio
396 1331 465 1373 esse
487 1309 539 1372 aio
561 1290 774 1393 pbibuptilem
797 1315 897 1392 atque
920 1307 1058 1371 minutis

217 1434 372 1497 perquam
395 1411 581 1496 corporibus
604 1411 725 1475 factum
749 1377 922 1517 constarel
949 1410 983 1474 id
1006 1411 1055 1475 ita
1076 1433 1146 1476 esse

217 1516 291 1580 hinc
314 1516 390 1580 licet
412 1516 562 1580 advertas
585 1515 731 1579 animum
755 1523 794 1577 ut
816 1536 1004 1599 pemoscere
1027 1514 1147 1600 possis:

216 1619 262 1684 nil
284 1619 363 1685 adeo
386 1620 456 1684 fieri
478 1619 574 1684 celeri
596 1619 721 1683 ratione
745 1617 884 1693 videtur,

216 1745 312 1809 quarn
335 1723 394 1787 sibl
416 1744 506 1786 mens
529 1722 599 1787 fieri
621 1721 773 1806 proponit
795 1730 830 1784 et
852 1720 983 1785 inchoat
1007 1721 1097 1806 ipsa3

215 1825 302 1890 ocius
325 1847 401 1912 ergo
423 1824 552 1889 animus
574 1846 673 1910 quam
694 1845 747 1888 res
768 1845 803 1888 se
827 1823 1048 1908 perciet-ulla,

218 1940 294 1995 ante
318 1929 426 1994 oculos
447 1951 585 2014 quorum
608 1927 818 2016 inpromptu
841 1935 960 1992 natura
984 1898 1139 2006 videtur.l

216 2043 250 2098 at
273 2033 358 2119 quod
380 2033 500 2097 mobile
523 2020 778 2118 teutdbpe'rest,
800 2039 948 2096 constare
971 2031 1123 2095 rutrmdis

214 2159 367 2223 perquam
390 2137 569 2201 seminibus
590 2134 689 2201 debet
711 2157 933 2221 perquamque
956 2136 1100 2213 minutis,

215 2239 355 2303 momine
378 2239 430 2303 uti
452 2261 549 2324 parvo
572 2237 697 2324 possint
719 2237 850 2323 inpulsa
871 2237 1001 2303 moveri.

216 2364 355 2427 namque
377 2351 528 2406 movetur
549 2363 635 2427 aqua
656 2340 844 2406 ettantillo
867 2341 1009 2407 momine
1032 2342 1128 2406 flutat

213 2447 333 2531 quippe
356 2444 553 2510 volubilibus
577 2445 749 2531 parvisque
771 2453 882 2509 creata
904 2445 1025 2530 figuris,

215 2560 250 2615 at
273 2560 385 2616 contra
406 2550 511 2614 mellis
534 2549 732 2615 constantior
755 2558 806 2615 est
828 2559 948 2614 natura

215 2662 249 2718 et
271 2653 356 2740 pigri
378 2652 490 2717 latices
514 2651 618 2739 magis
640 2661 674 2717 et
696 2653 905 2718 cunctantior
926 2662 1041 2732 actus3

217 2758 328 2822 haeret
351 2757 438 2822 enim
461 2758 547 2822 inter
569 2779 603 2823 se
627 2757 730 2844 magis
753 2757 857 2822 omnis
881 2756 1029 2821 materiai

127 2934 134 2947 ·
216 2861 315 2947 copia,
337 2860 490 2924 nimirum
514 2859 591 2945 quia
612 2881 677 2924 uon
700 2869 768 2924 tam
792 2859 919 2924 levibus
942 2867 1034 2924 extat

215 2963 398 3049 corporibus
421 2985 526 3048 neque
549 2973 616 3027 tam
639 2962 816 3048 suptilibus
838 2971 939 3048 atque
962 2961 1122 3026 rutundis.

216 3089 356 3152 namque
378 3067 547 3153 papaveris
569 3089 649 3132 aura
670 3074 780 3153 potest
803 3088 960 3152 suspensa
983 3064 1126 3150 levisque

215 3193 326 3257 cogere
349 3179 387 3235 ut
409 3171 451 3235 ab
473 3193 600 3235 summo
622 3170 684 3236 tibi
706 3170 836 3235 diffluat
858 3172 946 3235 altus
968 3168 1121 3249 acervus3

214 3282 250 3338 at
272 3282 383 3338 contra
405 3274 550 3359 lapidum
573 3274 754 3339 conlectum
777 3274 847 3358 ipse
870 3274 959 3337 euru'
983 3294 1110 3338 movere

128 3457 193 3509 with
209 3459 253 3508 AB
271 3459 339 3509 Nica
375 3461 455 3507 animi
472 3461 511 3508 vie
529 3458 629 3508 Nonius
646 3458 717 3509 Brix.
859 3460 906 3509 170
923 3461 1026 3522 offendit
1042 3458 1064 3507 B
1082 3473 1146 3510 corr.
1167 3460 1206 3508 lor
1222 3460 1334 3522 offendis.

163 3543 209 3591 teli
225 3541 290 3590 Mar.
308 3541 382 3590 lunt.
400 3543 469 3589 most
486 3540 555 3603 truly
573 3540 612 3590 lor
629 3542 682 3590 leti.
803 3541 851 3590 172
869 3549 997 3602 terraeque
1011 3543 1108 3602 petitas
1125 3542 1214 3604 Sepeia
1231 3540 1279 3589 Ed.
1297 3540 1336 3589 ior

128 3631 146 3673 t.
163 3638 191 3686 p.
209 3624 309 3680 Suavis,
328 3620 436 3671 because
458 3622 538 3671 Ican
555 3621 631 3671 think
650 3622 678 3672 oi
699 3621 811 3684 nothing
833 3621 931 3671 better:
955 3625 1041 3671 suavis
1057 3622 1215 3685 manifestly
1231 3622 1279 3672 has
1301 3637 1335 3671 no

127 3717 210 3752 sense.
244 3704 344 3766 Suppm
360 3701 455 3753 Lech:
478 3702 524 3752 but
541 3702 600 3766 why
617 3718 710 3768 sappus
726 3703 815 3753 rather
832 3703 899 3752 thau
916 3708 1030 3765 pronus?
1053 3717 1069 3751 a
1087 3717 1148 3752 man
1167 3703 1189 3752 is
1208 3703 1336 3766 generally

128 3784 253 3835 wounded
273 3786 300 3833 in
321 3785 391 3834 iront
411 3784 463 3834 and
483 3785 556 3843 then,
574 3799 603 3834 as
623 3785 777 3848 Locatreve
795 3800 821 3834 rv
839 3787 912 3843 1049,
930 3785 963 3835 he
981 3785 1041 3834 falls
1059 3785 1180 3835 ioruards
1198 3791 1245 3834 not
1262 3784 1334 3834 back-

128 3865 218 3917 wards.
253 3869 348 3916 Saevus
365 3873 389 3915 et
407 3865 483 3917 Bern.
504 3867 571 3916 after
588 3882 604 3916 a
621 3866 704 3916 friend
720 3867 748 3917 ol
764 3867 839 3918 Wak.
862 3868 903 3915 Mr
920 3867 989 3916 John
1007 3867 1099 3917 Jonas:
1120 3866 1166 3916 but
1183 3866 1227 3916 the
1244 3868 1335 3930 copula

129 3957 153 3997 et
173 3948 196 3997 is
215 3962 291 3998 never
311 3947 391 3997 found
408 3948 436 3996 in
453 3948 530 3996 Lucr.
548 3951 594 3997 out
610 3948 640 3997 oi
659 3947 694 3997 its
710 3947 793 4011 place,
810 3948 864 3997 and
882 3964 897 3998 a
915 3948 997 4010 single
1014 3948 1131 4011 example
1147 3951 1218 3998 must
1236 3953 1283 3997 not
1305 3950 1334 3998 be

130 4029 282 4080 introduced
300 4030 334 4091 by
345 4031 501 4094 conjecture.
570 4031 617 4080 183
636 4032 686 4079 eibi
697 4030 771 4082 Wak.
793 4030 834 4079 lor
853 4033 889 4080 ai:
908 4045 924 4076 v
945 4031 1007 4078 1142
1025 4030 1047 4079 Β
1065 4029 1148 4080 hassi
1166 4030 1205 4079 ior
1223 4031 1280 4079 sibi.

162 4112 209 4162 198
236 4114 411 4174 spicarumque
439 4125 501 4160 mss.
537 4110 616 4160 Bern.
642 4110 692 4160 has
720 4125 782 4160 seen
805 4111 863 4160 that
886 4111 914 4159 in
938 4110 982 4160 the
1005 4111 1094 4160 letters
1115 4125 1187 4167 noua
1211 4111 1254 4160 the
1276 4111 1334 4160 verb

128 4207 236 4243 nonsart
258 4192 341 4242 lurlrs:
370 4192 399 4240 in
422 4192 470 4240 236
492 4206 555 4241 mss.
577 4194 755 4255 multamqaeri
779 4193 819 4242 lor
840 4195 921 4241 rrrulta
950 4195 1056 4242 treveri:
1084 4192 1118 4241 he
1146 4191 1221 4242 reads
1248 4193 1334 4242 ccrrrrr’

127 4290 240 4325 mucra:
260 4273 305 4323 but
322 4274 426 4323 whence
442 4287 529 4323 comes
546 4272 591 4322 the
608 4276 666 4336 api?
700 4274 713 4322 1
728 4273 795 4324 have
811 4274 938 4323 therefore
956 4274 1060 4323 written
1076 4276 1129 4337 ipsc
1146 4275 1216 4322 eura'
1232 4288 1333 4322 rrroverc.

125 4359 233 4421 spiritur
249 4373 307 4407 cccr-
322 4354 418 4406 Lech:
437 4355 483 4405 but
500 4355 544 4405 the
563 4358 683 4406 sentence
699 4356 815 4417 requires
832 4371 848 4406 a
865 4355 933 4407 verb.
967 4358 1101 4418 spiclonrm
1117 4355 1169 4405 and
1184 4354 1228 4404 the
1244 4354 1293 4404 like
1309 4356 1336 4405 of
