3008 4800
748 216 775 276 V

240 397 268 439 81
291 397 363 439 amr
384 397 424 438 UT
446 394 606 437 secuntur
627 393 683 433 SED
705 393 758 431 VIX
780 391 927 432 ADDUCOR
949 391 990 432 UT
1011 390 1091 430 ANTE

240 494 303 536 NON
325 493 473 545 uuluam
494 491 593 532 Ammo
616 489 826 531 Pannsuurrns
847 489 950 540 ATQUE
972 489 1088 528 VIDERE

241 591 328 643 QUAM
349 590 500 633 conuertit
522 589 632 630 matum
654 587 766 627 FlERET
788 586 977 638 FOEDUMQUE
1000 586 1148 628 FUTURUM

240 687 278 727 ΕΤ
301 686 395 727 MAGIS
417 686 450 725 lD
473 685 569 726 Possis
592 683 715 724 FACTUM
737 682 940 723 CONTENDERE
963 683 996 722 [Ν
1018 682 1094 723 OMNl

240 784 275 824 IN
296 782 399 823 valens
421 781 538 822 MUNDIS
562 780 660 821 vaula
681 779 814 820 RATIONE
835 779 962 820 CREATlS

241 881 328 931 QUAM
349 878 446 921 cultro
467 878 570 929 Arous
591 878 654 919 UNO
675 877 843 917 uenantum
866 877 1017 929 QUOLIBE'l'
1038 877 1110 918 oum

241 960 299 1025 sed
321 960 424 1023 facere
447 958 481 1021 id
503 979 568 1022 non
591 966 658 1021 tam
683 955 834 1020 vincendi
855 978 912 1041 spe
936 957 1117 1032 voluerunt,

241 1084 339 1149 quam
362 1061 438 1125 dare
461 1060 547 1146 quod
569 1071 737 1146 gemerent
760 1059 878 1136 hostes,
901 1060 1032 1152 ipsique
1074 1059 1163 1149 erige,

241 1165 298 1250 qui
319 1185 455 1228 numero
478 1162 669 1227 diffidebant
691 1162 854 1247 armisque
878 1082 1073 1262 vacabanti

285 1267 413 1332 Nexilis
426 1255 512 1330 'ante
536 1266 600 1330 luit
622 1265 721 1329 vestis
744 1287 844 1350 quam
868 1265 983 1330 textile
1006 1273 1145 1352 tegmen.

241 1372 356 1436 textile
378 1380 452 1457 post
474 1361 635 1447 ferrumst,
658 1369 735 1455 quia
757 1370 840 1433 ferro
863 1369 931 1432 tela
953 1376 1094 1455 paratur,

239 1497 298 1538 nec
320 1474 446 1539 ratione
468 1474 533 1537 alia
554 1480 691 1559 possunt
714 1481 783 1535 tam
806 1471 890 1536 levia
912 1472 1005 1560 gigni

240 1578 349 1642 insilia
369 1601 407 1642 ac
430 1578 494 1642 lusi
515 1577 599 1641 radii
621 1576 774 1663 scapique
796 1559 969 1656 sonantesl

240 1690 275 1746 et
297 1681 400 1746 facere
422 1692 499 1746 ante
522 1680 606 1745 viros
629 1680 737 1743 lanam
760 1687 878 1742 natura
901 1680 1007 1765 coegit
1100 1683 1105 1692 '

242 1807 339 1875 quarn
362 1784 519 1849 muliebre
541 1807 662 1870 genus3
692 1806 768 1848 nam
791 1783 885 1870 longe
909 1790 1053 1868 praestat
1076 1782 1110 1846 in
1133 1790 1203 1846 arte

241 1895 275 1952 et
297 1888 459 1953 sollertius
481 1898 532 1954 est
554 1889 659 1953 multo
681 1910 784 1975 genus
807 1910 901 1952 omne
925 1886 1034 1964 virile;

239 1991 396 2076 agricolae
420 1992 520 2057 donec
542 1993 623 2057 vitio
645 2000 771 2056 vertere
793 1991 905 2068 severi,

239 2102 278 2158 ut
301 2094 513 2160 muliebribus
535 2095 570 2159 id
592 2095 742 2160 manibus
764 2093 938 2159 concedere
961 2093 1082 2158 vellent

238 2205 338 2283 atque
360 2197 423 2284 ipsi
445 2199 567 2285 pariter
589 2199 706 2263 durum
729 2197 864 2262 sufferre
886 2197 1028 2261 laborem

239 2309 338 2386 atque
360 2325 455 2387 opere
478 2303 513 2366 in
536 2304 616 2368 duro
638 2302 793 2367 durarent
816 2303 963 2367 membra
985 2323 1170 2386 manusque.

282 2404 329 2467 At
351 2404 515 2490 specimen
537 2405 671 2469 sationis
694 2413 727 2469 et
750 2404 920 2486 insitionis
937 2403 1024 2489 origo

237 2503 308 2592 ipsa
330 2506 393 2571 fuit
415 2530 524 2572 rerum
547 2507 688 2593 primurn
711 2508 829 2572 natura
850 2506 999 2581 creatrix,

237 2609 405 2674 arboribus
428 2611 580 2696 quoniam
604 2612 701 2676 bacae
724 2599 923 2697 glandesque
946 2611 1085 2674 caducae

238 2715 434 2800 tempestiva
456 2716 579 2780 dabant
601 2716 763 2802 pullorum
786 2716 937 2780 examina
958 2723 1088 2800 supter;

239 2819 326 2883 unde
349 2819 448 2884 etiam
471 2819 636 2885 libitumst
659 2820 770 2906 stirpis
792 2820 997 2884 committere
1019 2819 1116 2882 ramis

237 2929 271 2984 et
293 2943 376 2985 nova
397 2921 547 2986 defodere
570 2921 604 2985 in
628 2930 745 2986 terram
770 2921 914 3008 virgulta
936 2942 994 3005 per
1015 2895 1123 3023 agros]

236 3023 313 3088 inde
334 3025 432 3089 aliam
455 3034 554 3111 atque
577 3025 674 3090 aliam
697 3025 859 3089 culturam
881 3023 985 3088 dulcis
1008 3024 1104 3110 agelli

238 3127 444 3211 temptabant
467 3127 656 3213 fructusque
679 3129 761 3192 feros
784 3149 1006 3191 mansuescere
1029 3134 1148 3191 terrant

237 3230 413 3295 cernebant
435 3231 633 3318 indulgendo
656 3231 838 3316 blandeque
861 3214 1017 3318 colendo}

236 3332 335 3419 inque
358 3334 427 3400 dies
449 3335 554 3422 magis
576 3337 610 3400 in
633 3345 778 3400 montem
800 3335 970 3399 succedere
993 3334 1089 3399 silvas

237 3437 397 3523 cogebant
418 3437 566 3524 infraque
589 3441 693 3503 locum
717 3438 890 3503 concedere
913 3438 1018 3514 cultis,

235 3551 330 3626 prata
353 3542 442 3607 lacus
464 3542 552 3607 rivos
574 3552 701 3630 segetes
724 3543 898 3626 vinetaque
922 3542 1008 3606 laeta

147 3869 187 3918 29.
288 3869 351 3918 1340
362 3871 446 3931 sacta.
475 3871 647 3935 fatchorr.
659 3871 754 3920 Lach.:
775 3872 822 3920 but
834 3885 875 3919 see
887 3874 962 3920 notes
974 3872 998 3918 2.
1100 3871 1262 3920 1341-1346
1274 3871 1355 3921 Laoh.

148 3948 229 4010 justly
240 3949 319 4012 ejects
330 3949 375 3998 the
386 3951 437 4000 last
449 3950 522 4001 three
534 3952 560 4000 ol
576 3951 648 4001 these
660 3966 744 4000 verses
755 3966 784 4001 as
796 3951 840 4000 tha
856 3951 926 4000 work
942 3951 971 4001 ol
988 3965 1022 4000 an
1038 3950 1219 4013 interpolatum
1236 3952 1282 4000 but
1298 3952 1319 4002 it
1334 3952 1357 4001 is

149 4045 183 4080 no
199 4031 252 4081 less
268 4032 366 4081 certa-in
383 4032 443 4083 that
459 4033 504 4082 the
521 4032 577 4088 first
594 4033 666 4084 three
682 4048 727 4084 are
743 4032 856 4083 likeuise
873 4034 1008 4097 spurious3
1031 4036 1062 4084 St'
1079 4036 1136 4097 fuit
1157 4043 1185 4084 ut
1202 4035 1318 4096 facerent
1335 4035 1357 4084 is

149 4112 285 4177 obviously
301 4129 317 4164 a
333 4120 465 4165 comment
482 4131 516 4166 on
535 4118 585 4166 Sed
596 4119 684 4180 facere
701 4119 730 4166 id
746 4132 796 4166 noc
813 4124 865 4165 tam
880 4120 930 4166 cet.
966 4116 1048 4164 Lech.
1065 4119 1092 4166 to
1113 4117 1189 4165 make
1211 4107 1285 4166 sense
1304 4116 1357 4166 and

148 4210 279 4258 grammar
290 4196 313 4247 is
323 4198 465 4260 compelled
477 4201 503 4248 to
515 4198 576 4248 read
588 4201 631 4248 Sic
638 4200 694 4261 fuit
706 4198 769 4248 with
781 4197 912 4249 ManAld.
928 4200 942 4247 1
955 4197 1027 4248 sunt.
1039 4197 1131 4248 Lamb.
1141 4198 1181 4247 lor
1194 4199 1223 4247 Si
1230 4200 1295 4261 fuit,
1305 4198 1357 4248 and

148 4281 176 4328 to
187 4281 324 4341 transpose
336 4281 400 4330 1342
411 4280 465 4330 and
477 4283 554 4330 1³43:
573 4296 614 4331 see
625 4280 714 4331 (lamb.
728 4281 820 4330 Journ.
832 4281 860 4330 ol
871 4281 937 4343 phil.
949 4295 976 4330 rv
987 4296 1012 4344 p,
1027 4282 1087 4331 288:
1106 4282 1259 4330 1345=52a

180 4361 244 4413 1351
262 4365 313 4412 telo
326 4372 443 4426 paratur.
482 4367 532 4414 telo
546 4373 674 4427 parantur
685 4364 777 4414 Lamb.
789 4364 941 4427 perversely.
1044 4364 1107 4415 1368
1123 4371 1216 4424 terram
1225 4363 1305 4414 Lach.
1318 4364 1357 4414 for
