3008 4800
738 219 767 282 V

241 385 396 449 oonfluxit
418 384 525 472 gravis
547 392 580 448 et
601 381 747 448 subsedit
770 380 917 446 funditus
940 389 978 446 ut
1001 381 1090 460 faex;

239 488 314 554 inde
337 510 425 553 mare
446 489 522 554 inde
543 510 598 553 aer
619 487 695 551 inde
717 486 830 551 aether
851 485 968 572 ignifer
989 486 1057 571 ipse

240 594 425 680 corporibus
447 592 577 679 liquidis
599 601 675 657 sunt
697 592 805 656 omnia
826 613 908 675 pura
929 591 1049 667 relicta,

241 703 275 760 et
298 695 419 760 leviora
440 696 512 760 aliis
534 696 606 770 aha,
627 703 662 760 et
684 692 916 779 liquidissimus
937 693 1049 758 aether

239 807 339 884 atque
361 798 542 863 levissimus
563 797 664 862 aerias
686 818 783 881 super
804 795 914 860 influit
935 817 1038 871 auras,

239 923 300 966 nec
321 901 481 986 liquidum
503 922 617 986 corpus
638 898 848 964 turbantibus
870 898 953 962 aeris
974 897 1060 962 auris

240 1006 445 1086 commiscet3
473 1005 553 1070 sinit
574 1004 654 1068 haec
676 1002 824 1067 violentis
846 1001 955 1067 omnia
976 1000 1059 1064 verti

241 1109 435 1185 turbinibus,
456 1107 535 1172 sinit
556 1105 686 1170 incertis
708 1105 839 1170 turbare
862 1104 1016 1190 procellis,

241 1213 310 1297 ipse
332 1225 406 1275 suos
428 1210 513 1296 ignis
534 1217 621 1273 certo
643 1208 705 1272 fert
727 1207 849 1291 impete
871 1189 1007 1322 labens}

241 1335 318 1378 nam
339 1311 464 1376 modice
486 1311 585 1375 fluere
606 1318 704 1395 atque
725 1331 791 1373 uno
812 1329 904 1394 posse
925 1307 1057 1371 aethera
1078 1305 1151 1369 nisu

241 1414 403 1502 significat
427 1414 554 1490 Pontos,
576 1434 663 1476 mare
685 1419 772 1476 certo
794 1410 880 1496 quod
901 1409 975 1474 fluit
996 1415 1089 1472 aestu

241 1541 345 1584 unum
367 1516 498 1581 labendi
519 1537 707 1581 conservans
729 1536 831 1600 usque
853 1478 1016 1592 tenoreml

285 1621 446 1706 [Motibus
468 1628 626 1686 astrorum
647 1641 733 1684 nunc
755 1642 839 1706 quae
860 1619 904 1684 sit
926 1640 1022 1683 cansa
1042 1566 1227 1695 canamusl

242 1725 399 1811 principio
422 1746 559 1812 magnus
580 1723 661 1790 caeli
682 1723 710 1788 si
731 1723 871 1788 vortitur
892 1722 985 1798 orbis,

242 1850 283 1893 ex
305 1837 442 1915 utraque
464 1829 574 1915 polum
595 1827 682 1914 parti
703 1848 847 1912 premere
869 1848 944 1892 aera
964 1825 1056 1890 nobis

242 1929 414 1995 dicendum
436 1939 488 1996 est
509 1937 665 2014 extraque
686 1937 797 1994 tenere
819 1936 854 1993 et
875 1927 1023 1992 claudere
1045 1927 1228 2012 utrimque;

242 2034 319 2100 inde
341 2035 441 2100 alium
464 2056 561 2120 supra
582 2033 681 2099 fluere
702 2041 802 2119 atque
824 2032 991 2098 intendere
1013 2032 1125 2097 eodem

242 2159 306 2223 quo
328 2137 484 2203 volvenda
506 2137 627 2202 micant
648 2136 773 2202 aeterni
794 2136 899 2202 sidera
920 2135 1052 2215 mundi;

241 2249 301 2306 aut
322 2241 423 2305 alium
445 2249 565 2326 supter,
587 2248 698 2304 contra
718 2239 776 2326 qui
797 2240 957 2305 subvehat
978 2239 1097 2315 orbem,
1292 2255 1352 2318 515

241 2353 281 2410 ut
303 2345 417 2410 fluvios
439 2367 564 2410 versare
586 2352 672 2409 rotas
693 2351 792 2429 atquo
814 2343 947 2408 haustra
969 2312 1136 2424 videmusl

241 2457 292 2514 est
314 2449 413 2514 etiam
435 2446 562 2536 quoque
583 2448 635 2513 uti
656 2447 757 2534 possit
779 2447 904 2512 caelum
925 2467 1019 2511 omne
1041 2466 1171 2510 manere

241 2552 276 2616 in
298 2552 447 2630 statione,
469 2560 579 2617 tamen
601 2575 675 2616 cum
698 2550 804 2616 lucida
825 2551 918 2637 signa
940 2551 1103 2629 ferantnr3

241 2656 309 2721 sive
332 2658 416 2742 quod
438 2656 560 2721 inclusi
575 2654 681 2741 rapidi
701 2663 779 2720 sunt
800 2655 941 2719 aetheris
962 2663 1071 2719 aestus

241 2769 495 2847 quaerentesque
518 2760 603 2826 viam
625 2759 744 2825 circum
766 2768 935 2825 versantur
957 2767 991 2824 et
1013 2759 1104 2844 ignes

241 2863 362 2947 passim
383 2885 442 2950 per
462 2864 543 2928 caeli
564 2864 698 2928 volvunt
719 2863 910 2928 Summania
932 2862 1070 2948 templa3

241 2967 309 3032 sive
331 2968 462 3032 aliunde
484 2968 587 3032 fluens
608 2967 756 3031 alicunde
779 2967 978 3032 extrinsecus
999 2989 1054 3030 aer

241 3081 348 3137 versat
369 3094 468 3159 agens
489 3072 591 3158 ignis;
620 3072 688 3136 sive
710 3072 773 3156 ipsi
795 3094 922 3157 serpere
943 3080 1079 3158 possunt

242 3199 306 3263 quo
328 3178 482 3263 cuiusque
505 3176 596 3242 cibus
618 3185 710 3241 vocat
731 3185 830 3263 atque
853 3179 973 3243 invitat
995 3178 1105 3243 euntis

241 3281 392 3346 flammea
412 3303 470 3366 per
491 3281 615 3346 caelum
637 3283 798 3367 pascentis
820 3304 950 3368 corpora
972 3282 1099 3368 passim.
1292 3297 1331 3365 52
1337 3299 1353 3364 5

241 3406 317 3448 nam
340 3383 418 3469 quid
440 3385 475 3448 in
497 3385 557 3450 hoc
578 3384 698 3450 mundo
721 3387 764 3450 sit
786 3409 897 3451 eorum
919 3408 1036 3472 ponere
1058 3395 1183 3451 certum

189 3626 238 3675 503
251 3627 395 3676 Oornmiscet
405 3628 515 3689 Naugar.
526 3626 582 3676 first
593 3628 633 3676 lor
646 3629 782 3678 Commisci.
847 3629 914 3679 liaeo.
928 3631 968 3678 hic
978 3628 1064 3678 Benu.
1075 3627 1128 3677 and
1143 3627 1237 3686 Laoh;
1255 3628 1303 3678 but
1315 3643 1357 3679 sse

155 3709 231 3755 notes
242 3707 266 3755 2.
408 3709 456 3759 507
473 3710 573 3765 Pontos,
588 3724 654 3758 mare
665 3708 744 3759 Lach.
758 3709 882 3773 torporata
896 3726 971 3759 more.
1004 3711 1081 3758 Ponti
1091 3725 1160 3759 mure
1170 3709 1247 3760 Pont.
1261 3709 1352 3761 hamb.

156 3786 195 3838 ed.
210 3789 235 3846 3,
247 3796 346 3839 tantum
356 3806 424 3840 more
434 3790 474 3840 ed.
488 3790 565 3840 land
576 3793 598 3842 2.
759 3791 887 3841 513-516
904 3791 984 3842 Laoh.
996 3792 1066 3854 quite
1077 3790 1291 3855 misspprahends
1303 3793 1357 3844 and

156 3868 231 3932 sadly
245 3869 379 3920 mutilates
394 3871 448 3920 this
463 3886 581 3934 passage:
599 3874 647 3921 513
662 3871 695 3921 he
711 3872 785 3922 reads
800 3874 912 3922 deorsum
927 3873 967 3922 lor
981 3875 1069 3932 eodan,
1086 3874 1135 3922 515
1150 3875 1221 3923 Hinc
1237 3874 1277 3924 lor
1287 3877 1356 3938 Aa&

156 3949 209 4000 and
219 3949 305 4013 planes
315 3953 364 4002 514
375 3953 442 4002 after
453 3954 515 4005 516:
531 3956 578 4003 not
589 3967 638 4003 one
648 3953 677 4002 os
686 3951 758 4003 these
768 3953 880 4017 changes
891 3953 937 4004 but
948 3968 1017 4003 mars
1029 3953 1073 4004 the
1084 3969 1167 4004 sensa.

189 4035 237 4085 515
254 4038 313 4087 Aut.
348 4039 394 4086 Ast
405 4037 515 4100 Nauger.
526 4037 594 4100 vulg.
606 4037 726 4099 wrongly.
759 4040 804 4100 qut
815 4037 879 4089 Mar.
894 4038 1003 4100 Nauger.
1014 4036 1110 4100 rightly
1122 4038 1237 4102 torquis.

159 4158 161 4162 .
189 4118 237 4166 518
255 4119 831 4172 5551555155.311755175515555ο515555.
945 4123 992 4171 521
1010 4123 1171 4172 Summotis:
1188 4135 1230 4172 sas
1241 4126 1316 4173 notes
1327 4126 1352 4176 2.

156 4199 279 4249 55555555
302 4199 396 4250 Greech
418 4201 447 4250 in
469 4207 551 4261 notes,
574 4201 653 4253 Laoh.
718 4203 793 4255 Pont.
818 4218 877 4266 says
900 4207 1053 4254 ‘utramuis
1074 4219 1121 4267 pro
1147 4205 1289 4255 tmusonis&
1329 4223 1355 4258 re

155 4281 423 4333 immaturarum
435 4287 509 4333 notes
519 4288 546 4334 at
557 4283 607 4334 end
618 4284 647 4334 of
661 4283 785 4343 Catullus,
797 4284 888 4336 Iamb.
904 4285 1057 4348 perversely.
1091 4285 1104 4334 1
1120 4299 1184 4335 once
1200 4285 1313 4351 thought
1328 4289 1358 4340 of

154 4376 250 4412 summ
266 4365 335 4414 acia.
443 4366 491 4414 524
507 4368 598 4416 euntia
631 4367 728 4415 aventis
743 4365 824 4417 Lach.
926 4370 974 4418 530
990 4384 1058 4418 omne
1075 4368 1254 4443 Romulius.
1268 4370 1355 4425 alul
