3008 4800
721 210 770 273 VI

230 375 392 461 intellegit
414 374 461 438 ibi
483 373 600 438 vitium
624 395 679 436 vas
701 372 824 437 efficere
847 372 954 458 ipsum

229 479 400 562 omniaque
423 477 511 542 illius
533 476 613 542 vitio
635 477 831 561 corrumpier
853 476 942 540 intus

228 603 310 666 quae
333 581 460 645 conlata
482 580 557 644 foris
579 588 613 645 et
635 579 801 644 commoda
822 601 960 664 cumque
985 578 1150 664 venirent3

230 684 346 768 partim
370 683 457 768 quod
479 683 603 746 fluxum
626 690 859 767 pertusumque
882 703 950 745 esse
973 679 1114 755 videbat,

229 795 266 849 ut
289 782 378 849 nulla
400 794 509 871 posset
531 785 655 849 ratione
678 784 836 869 explerier
858 806 1032 870 umquam;

230 889 349 974 partim
371 888 457 973 quod
480 896 585 952 taetro
607 887 699 973 quasi
721 909 929 973 conspurcare
952 910 1064 973 sapore

230 994 337 1059 omnia
359 994 519 1070 cernebat,
542 1014 764 1079 quaecumque
786 1000 959 1076 receperat,
981 993 1078 1056 intus.

229 1097 377 1161 veridicis
399 1096 501 1182 igitur
523 1095 674 1182 purgavit
696 1105 826 1180 pectora
847 1095 945 1160 dictis

230 1207 264 1264 et
286 1200 385 1264 finem
407 1200 526 1263 statuit
548 1198 737 1284 cuppedinis
760 1207 858 1283 atque
880 1197 1005 1263 timoris

231 1303 444 1388 exposuitque
466 1303 587 1366 bonum
610 1323 774 1366 summum
797 1324 860 1386 quo
882 1301 1047 1366 tendimus
1070 1323 1180 1366 omnes

230 1406 422 1491 quidforet,
445 1415 544 1491 atque
566 1405 652 1469 viam
676 1405 877 1482 monstravit,
898 1405 1031 1469 tramite
1054 1426 1152 1488 parvo

231 1531 295 1595 qua
316 1531 483 1594 possemus
506 1509 547 1573 ad
570 1508 603 1572 id
624 1518 712 1573 recto
734 1508 927 1573 contendere
949 1530 1053 1584 cursu,

231 1614 349 1699 quidve
371 1614 449 1678 mali
471 1614 553 1678 foret
574 1613 609 1677 in
631 1613 727 1678 rebus
750 1613 932 1677 mortalibu'
955 1612 1083 1698 passim,

231 1717 317 1803 quod
339 1718 431 1782 fieret
454 1716 595 1781 naturali
617 1716 768 1802 varieque
791 1717 914 1782 volaret

231 1841 288 1884 seu
311 1841 386 1883 casu
409 1841 467 1884 seu
492 1818 534 1896 vi,
557 1819 643 1904 quod
665 1818 711 1883 sic
732 1827 851 1883 natura
872 1826 1025 1904 parasset,

231 1930 266 1986 et
288 1922 405 2008 quibus
427 1945 445 1987 e
468 1922 569 2007 portis
591 1922 713 1986 occurri
735 1922 853 2008 cuique
875 1922 1014 1999 deceret,

232 2034 266 2090 et
287 2047 390 2110 genus
412 2025 591 2089 humanum
614 2025 732 2090 frustra
755 2025 944 2111 plerumque
967 2024 1116 2110 probavit

233 2127 357 2192 volvere
379 2151 529 2192 curarum
552 2127 655 2192 tristis
677 2129 712 2192 in
734 2135 863 2213 pectore
885 2105 1028 2208 fluctusl

231 2254 306 2294 nam
329 2231 432 2296 veluti
454 2230 547 2317 pueri
570 2230 734 2317 trepidant
757 2239 857 2316 atque
879 2231 988 2295 omnia
1009 2231 1112 2295 caecis

232 2335 266 2399 in
287 2334 430 2400 tenebris
452 2342 614 2412 metuunt,
636 2334 680 2399 sic
703 2356 761 2398 nos
783 2333 817 2397 in
840 2334 911 2399 lucc
934 2335 1088 2399 timemus

231 2438 404 2516 interdum,
427 2439 493 2504 nilo
516 2461 598 2525 quae
620 2447 697 2503 sunt
719 2438 896 2503 metuenda
909 2439 1023 2525 ‚magis
1045 2460 1143 2523 quam

231 2565 314 2628 quae
336 2543 429 2628 pueri
453 2543 487 2606 in
509 2537 651 2607 tenebris
674 2540 823 2627 pavitant
846 2541 1040 2628 finguntque
1063 2510 1194 2619 futural

232 2646 317 2710 hunc
329 2646 442 2732 igitur
464 2655 618 2711 terrorem
640 2644 742 2710 animi
763 2645 977 2730 tenebrasque
999 2652 1161 2709 necessest

233 2771 296 2814 non
318 2749 401 2814 radii
422 2749 498 2815 solis
519 2771 578 2814 nec
600 2749 708 2813 lucida
730 2749 796 2814 tela
818 2749 884 2814 diei

232 2853 418 2930 discutiant,
440 2854 497 2917 sed
519 2861 654 2917 naturae
677 2852 799 2937 specics
820 2809 993 2937 ratioquel

233 2979 296 3042 qno
318 2957 422 3044 magis
444 2956 611 3042 inceptum
633 2979 766 3044 pergam
789 2965 956 3042 pertexere
980 2955 1082 3021 dictis.

276 3060 319 3124 Et
342 3060 495 3146 quoniam
517 3059 612 3124 docui
633 3060 748 3124 mundi
770 3060 919 3124 mortalia
941 3060 1064 3145 templa

232 3184 301 3227 esse
324 3172 353 3229 et
374 3163 485 3227 nativo
507 3163 680 3227 consistere
703 3185 833 3249 corpore
856 3162 990 3241 caelum,

146 3385 275 3431 contracte
286 3382 330 3432 the
341 3385 391 3433 two
403 3397 486 3433 verses
497 3383 554 3433 into
566 3397 622 3442 one,
635 3383 696 3433 thus
710 3386 792 3446 Atque
808 3386 919 3434 animam
933 3386 1033 3448 infestis
1048 3387 1104 3446 coyt
1119 3385 1211 3433 servire
1227 3383 1348 3446 querelis:

146 3466 238 3514 servire
253 3464 309 3513 also
323 3464 380 3515 Ver.
393 3465 458 3514 Ven.
471 3465 536 3514 Mar.
549 3465 634 3516 Aldl
651 3465 725 3515 Junt.
760 3468 869 3515 Causam
883 3482 948 3529 quae
966 3466 1062 3516 Arane.
1081 3466 1191 3528 Nauger.
1207 3466 1246 3514 for
1260 3466 1349 3514 Pausa

147 3553 230 3610 atquc.
329 3548 360 3598 17
371 3563 416 3596 vua
428 3548 494 3597 Mar.
506 3547 564 3596 Ald.
578 3547 674 3596 lJunt.
687 3546 727 3597 lor
733 3549 788 3610 fas.
887 3547 1224 3611 25cappediniahrightly,
1239 3548 1347 3608 asv45;

147 3627 200 3677 and
215 3641 243 3677 so
259 3627 386 3678 Marullus
400 3627 428 3676 in
443 3643 522 3690 marg.
537 3628 566 3678 ol
578 3628 632 3679 cod.
648 3628 745 3678 Victor.
757 3629 877 3692 properly
887 3633 1010 3679 correcte:
1028 3627 1183 3679 Lactantius
1193 3627 1256 3677 inst.
1266 3641 1304 3675 ιιι
1315 3629 1348 3678 27

146 3709 195 3760 has
217 3712 362 3775 torpedinis,
385 3710 452 3759 from
474 3709 559 3760 whom
581 3710 647 3759 Mar.
668 3709 792 3773 probably
815 3713 859 3772 got
880 3710 923 3760 his
945 3711 1003 3761 first
1025 3710 1117 3760 notion
1138 3709 1287 3759 mentioned
1314 3709 1349 3772 by

147 3790 282 3842 Gifanius:
301 3805 342 3840 see
353 3805 381 3840 n.
393 3795 421 3840 to
433 3805 466 3839 ιιι
477 3791 539 3843 994:
557 3791 645 3840 unless
655 3790 689 3840 he
700 3790 787 3840 rather
799 3791 874 3840 when
885 3806 972 3854 young
984 3790 1086 3841 derived
1095 3791 1116 3839 it
1125 3791 1191 3839 from
1199 3789 1241 3838 his
1250 3792 1348 3839 master

146 3872 280 3924 Pontanus
291 3874 349 3923 who
360 3876 490 3938 expressly
501 3878 575 3924 notae
588 3876 742 3937 ‘torpedinis
754 3878 793 3923 est
805 3874 873 3936 apud
884 3873 1053 3924 Lactantium
1063 3875 1078 3922 '.
1199 3874 1231 3923 27
1248 3873 1349 3921 tramite

142 3969 232 4017 parvo.
266 3958 366 4005 tramite
376 3971 453 4018 prono
463 3955 556 4006 Iramb.
568 3957 648 4005 limite
655 3970 735 4019 prono
747 3955 763 4003 J
764 3957 822 4004 unt.
834 3955 987 4018 apparently
999 3955 1065 4004 after
1075 3952 1229 4002 Lactantius
1240 3951 1302 4001 inst.
1310 3966 1350 4002 vn

147 4038 187 4088 27.
220 4037 300 4088 Lech.
312 4038 408 4103 rightly
418 4039 488 4101 joina
499 4043 599 4088 tramite
608 4054 688 4102 parvo
699 4039 763 4087 with
775 4038 845 4089 what
857 4039 966 4088 follows.
1048 4033 1349 4086 acroceraunium.

146 4116 214 4167 Flor.
227 4120 257 4167 31
269 4119 359 4169 (lamb.
372 4120 444 4169 Mon.
456 4121 575 4171 Laotsnt.
587 4121 627 4168 lor
638 4128 714 4169 recta.
812 4121 844 4170 30
854 4121 931 4184 fleret
942 4118 994 4170 Iac.
1006 4117 1133 4168 Susiusin
1142 4117 1257 4176 Tonson,
1266 4113 1347 4165 Lech.

147 4198 186 4248 lor
197 4200 287 4262 fucrit.
316 4201 485 4266 flucretMar.
497 4201 555 4251 Ald.
569 4203 582 4249 1
598 4202 672 4250 Junt.
686 4199 754 4263 vulg.
788 4187 912 4250 staturati.
945 4208 1052 4250 acturae
1066 4201 1093 4248 oi
1107 4197 1197 4248 Lamb.
1233 4197 1349 4245 naturali

146 4282 287 4344 rimasque
298 4282 433 4332 Marhld.
447 4284 545 4333 lJunt.
635 4284 667 4332 31
679 4291 746 4331 cusu.
781 4281 949 4332 caruchaoh.
1039 4282 1072 4329 32
1089 4282 1125 4329 Et
1137 4279 1226 4342 quibus
1237 4277 1305 4326 Flor.
1316 4278 1347 4326 31

146 4365 235 4420 camb.
249 4366 325 4417 Pcnt.
339 4366 404 4416 Mar.
417 4366 457 4415 lor
468 4368 493 4415 Ε
504 4368 601 4427 quibua
667 4366 698 4414 34
713 4365 814 4415 Volvere
826 4364 885 4413 Ver.
897 4364 960 4414 Ven.
971 4363 1037 4413 Mar.
1048 4361 1087 4412 for
1102 4362 1212 4410 Volnera
1281 4358 1313 4406 44
1325 4368 1350 4409 ct
