3008 4800
776 225 808 288 V

277 386 418 472 pulveris
441 386 573 452 exhalat
595 385 747 451 nebulam
770 385 937 472 nubesque
960 385 1097 450 volantis

275 513 356 576 quas
378 489 478 555 validi
501 499 570 554 toto
592 489 784 577 dispergunt
805 513 879 555 aare
901 472 1017 601 venti}

276 615 350 678 pars
372 593 472 657 etiam
495 592 663 679 glebarum
686 592 728 656 ad
750 592 906 657 diluviem
928 601 1096 658 revocatur

276 695 435 760 ambesus
458 704 492 761 es
514 696 600 781 ripas
622 696 770 760 racana
792 696 927 760 summa
948 696 1075 763 mouns.
1087 680 1093 787 ι

276 807 445 885 praeterea
466 821 524 884 pro
546 807 638 884 parte
661 820 726 875 sua,
748 799 974 885 quodcumque
996 800 1061 865 alid
1083 807 1191 886 auget,

276 902 441 983 redditur3
470 913 505 966 et
527 901 679 986 quoniam
702 901 801 966 dubio
823 902 934 987 procul
957 923 1026 966 esse
1048 901 1178 967 videtur

276 1007 482 1093 omniparens
504 1005 616 1070 eedem
639 1027 747 1070 rernm
769 1028 940 1071 commune
962 1007 1153 1092 sepulcrum,

276 1133 352 1197 ergo
375 1118 462 1174 terra
486 1108 547 1174 tibi
569 1096 692 1173 libatur
712 1117 747 1173 et
769 1117 865 1173 aucta
886 1088 1064 1202 recrescit.l

319 1212 415 1292 Quod
437 1218 593 1297 superest,
614 1226 725 1275 umore
748 1233 830 1274 novo
852 1233 939 1276 mare
962 1211 1097 1276 flumina
1119 1213 1223 1277 fontes

264 1338 403 1400 ¹semper
424 1314 590 1378 abundare
613 1322 648 1377 et
670 1313 783 1378 latices
805 1335 936 1378 manare
958 1315 1108 1399 perennis

275 1419 323 1484 nil
345 1442 426 1505 opus
449 1427 501 1483 est
523 1417 646 1483 verbis:
676 1440 814 1504 magnus
836 1416 988 1482 decursus
1009 1440 1165 1503 aquarum

275 1523 420 1609 undique
442 1502 680 1604 declaratlsed
703 1522 845 1608 primum
868 1521 1022 1608 quicquid
1043 1523 1140 1608 aquai

276 1628 403 1693 tollitur
424 1627 459 1692 in
481 1649 672 1713 summaque
694 1626 733 1691 fit
755 1635 795 1691 ut
817 1627 864 1690 nil
886 1649 980 1691 umor
1001 1626 1154 1704 abundet,

275 1731 395 1818 partim
419 1729 506 1817 quod
528 1715 629 1795 validi
652 1738 818 1796 verrentes
839 1753 980 1816 aequora
1001 1731 1092 1795 venti

274 1833 465 1898 diminuunt
486 1832 650 1919 radiisque
672 1843 823 1898 retexens
844 1833 1009 1898 aetherius
1031 1833 1087 1912 sol,

276 1935 396 2022 partim
419 1935 506 2022 quod
528 1943 642 2021 supter
662 1950 721 2022 per
742 1943 846 2000 terras
867 1935 992 2013 'diditur
1013 1936 1134 2016 omnis3

276 2041 460 2126 percolatur
481 2039 568 2104 enim
592 2039 679 2104 virus
700 2048 851 2126 retroque
873 2047 1028 2104 remanat

275 2142 427 2208 materies
448 2142 570 2208 umoris
592 2152 627 2208 et
649 2143 690 2207 ad
712 2147 812 2229 caput
834 2143 985 2208 amnibus
1005 2143 1110 2208 omnis

235 2245 239 2251 ’
274 2247 434 2324 convenit,
456 2247 533 2312 inde
555 2268 653 2332 super
674 2254 777 2312 terras
799 2246 874 2312 fluit
896 2247 1026 2334 agmine
1046 2248 1135 2312 dulci

274 2371 340 2434 qua
362 2348 415 2413 via
436 2357 525 2413 secta
546 2348 646 2412 semel
668 2348 792 2434 liquido
813 2348 895 2434 pede
917 2348 1036 2414 detulit
1057 2310 1201 2458 undasl'

319 2454 406 2518 Aera
427 2475 515 2517 nunc
537 2451 640 2538 igitur
661 2451 766 2517 dicam
791 2453 849 2538 qui
871 2466 1000 2538 corpore
1022 2460 1092 2518 toto

274 2556 558 2621 innumerabiliter
579 2555 686 2641 privas
709 2563 858 2620 mutatur
879 2555 915 2620 in
936 2536 1050 2671 horas}

274 2681 402 2745 semper
424 2659 520 2735 enim,
543 2658 769 2744 quodcumque
792 2658 866 2723 fluit
888 2657 928 2722 de
951 2658 1054 2736 rebus,
1077 2659 1111 2723 id
1133 2681 1228 2724 omne

274 2763 356 2828 aeris
378 2764 413 2826 in
436 2785 590 2849 magnum
615 2763 717 2827 fertur
739 2785 847 2843 mare;
876 2763 933 2849 qui
956 2763 1019 2827 nisi
1040 2771 1152 2828 contra

274 2888 406 2951 corpora
427 2865 589 2930 retribuat
612 2866 707 2930 rebus
729 2873 918 2952 recreetque
941 2860 1082 2943 fluentis,

275 2969 384 3032 omnia
405 2968 471 3032 iam
495 2969 636 3032 resoluta
659 2968 764 3032 forent
786 2975 821 3032 et
843 2967 878 3032 in
900 2990 975 3033 aera
996 2940 1107 3059 versal

275 3071 357 3137 haut
379 3070 482 3157 igitur
504 3080 609 3136 cessat
630 3071 723 3158 gigni
746 3071 787 3136 de
809 3071 906 3136 rebus
927 3080 962 3137 et
985 3071 1019 3135 in
1041 3095 1092 3137 res

274 3174 443 3252 reccidere,
465 3174 600 3238 adsidue
622 3174 777 3259 quoniam
800 3173 900 3239 fluere
922 3175 1030 3239 omnia
1052 3141 1201 3343 constat.)

319 3276 444 3363 Largus
466 3276 547 3341 item
570 3276 687 3362 liquidi
710 3277 781 3341 fons
803 3277 944 3354 luminis,
966 3278 1129 3343 aetherius
1151 3301 1205 3355 so,

275 3379 396 3465 inrigat
417 3380 552 3456 adsidue
574 3379 701 3460 caelum
724 3381 861 3445 candore
883 3381 1006 3446 recenti

275 3482 529 3568 suppeditatque
551 3505 633 3548 novo
656 3484 825 3548 confestim
848 3484 971 3549 lumine
993 3454 1126 3578 lumeni

275 3608 351 3648 nam
373 3585 515 3670 primum
538 3585 693 3671 quicquid
717 3586 851 3673 fulgoris
874 3585 1009 3673 disperit
1032 3589 1071 3664 ei,

275 3711 479 3774 quocumque
502 3670 651 3769 acciditl
672 3689 706 3753 id
729 3689 806 3754 licet
828 3690 903 3754 hinc
926 3712 1113 3777 cognoscere
1135 3692 1245 3777 possis,

274 3793 360 3879 quod
383 3793 482 3858 simul
503 3816 541 3857 ac
562 3792 704 3879 primum
728 3794 832 3859 nubes
854 3795 1023 3860 succedere
1045 3796 1105 3860 soli

273 3919 406 3982 coepere
429 3905 464 3962 et
486 3897 592 3961 radios
613 3897 700 3962 inter
721 3899 814 3984 quasi
836 3921 986 3984 rumpere
1008 3899 1096 3976 lucis

275 3999 438 4085 extemplo
462 3999 593 4064 inferior
616 4021 689 4084 pars
712 4000 828 4065 horum
850 4001 986 4087 disperit
1008 4003 1112 4066 omnis

190 4206 280 4258 Lamb.
299 4207 339 4259 ed.
360 4209 374 4256 1
392 4207 445 4258 and
462 4210 477 4257 2
494 4209 534 4258 for
550 4211 601 4259 alit
619 4208 728 4272 rightly;
746 4209 787 4261 ed.
801 4213 816 4260 8
832 4209 866 4260 he
882 4213 991 4261 restores
1008 4213 1066 4261 alit.
1196 4212 1244 4261 258
1261 4213 1398 4268 Redditur.

190 4289 299 4338 Reditur
309 4289 375 4339 Mar.
387 4289 463 4340 Jnnt.
474 4290 566 4340 Lamb.
578 4290 655 4353 vulgo
667 4289 754 4340 before
765 4290 841 4342 Wak.
1008 4295 1055 4342 282
1065 4295 1159 4344 receati
1170 4293 1192 4342 B
1204 4307 1268 4343 corr.
1280 4294 1349 4348 Flor.
1365 4299 1398 4347 31

189 4369 278 4420 (lamb.
295 4371 367 4421 Mon.
385 4373 426 4422 for
441 4376 546 4436 repenti.
663 4375 711 4424 288
728 4376 835 4438 disperit
851 4375 922 4426 Nico.
939 4376 961 4425 B
978 4390 1043 4426 corr.
1061 4377 1101 4426 for
1116 4379 1233 4441 disperde.
1348 4381 1398 4433 291
