3008 4800
163 267 227 332 250
315 263 317 268 ·
756 251 784 313 V

249 420 282 476 et
305 421 392 476 certa
414 411 539 477 ratione
562 413 632 500 geri
654 435 722 477 rem
744 422 843 498 atque
866 412 978 477 ordine
1000 379 1108 477 certol

294 515 365 578 Iam
387 515 501 580 validis
523 516 629 601 saepti
651 514 814 602 degebant
836 515 980 579 turribus
1003 537 1118 580 aevom

251 626 285 682 et
308 619 411 684 divisa
433 620 599 684 colebatur
621 620 823 705 discretaque
846 620 952 696 tellus,

249 723 313 786 iam
338 746 424 787 mare
447 724 592 788 velivolis
616 724 749 788 florebat
772 724 954 809 puppibus;
985 722 1081 786 urbes

248 826 369 890 auxilia
391 849 427 891 ac
450 827 550 891 socios
573 827 639 891 iam
661 834 755 911 pacto
778 826 905 891 foedere
928 826 1101 904 habebant,

248 929 444 995 carminibus
466 953 540 994 cum
562 953 614 994 res
636 937 745 1016 gestas
767 952 900 1016 coepere
922 939 1038 1015 poetae

250 1032 393 1111 tradere3
422 1055 481 1096 nec
505 1032 608 1096 multo
631 1032 712 1117 priu'
734 1040 812 1097 sunt
834 1033 996 1097 elementa
1017 1043 1153 1119 reperta.
1286 1047 1363 1113 1445

249 1139 418 1216 propterca
439 1129 519 1217 quid
542 1130 585 1194 sit
608 1131 698 1215 prius
720 1139 830 1196 actum
852 1133 1011 1216 respicere
1033 1141 1124 1198 aetas

249 1241 359 1296 nostra
379 1232 502 1318 nequit,
523 1232 586 1295 nisi
608 1254 673 1317 qua
694 1232 776 1297 ratio
799 1233 938 1319 vestigia
960 1221 1134 1342 monstrati

292 1335 435 1422 Navigia
456 1343 554 1421 atque
576 1334 647 1422 agri
669 1335 812 1400 culturas
834 1336 962 1400 moenia
984 1336 1070 1422 leges

248 1462 338 1503 arma
359 1441 427 1504 vias
449 1447 555 1504 vestes
578 1448 608 1505 et
630 1447 737 1504 cetera
758 1438 799 1504 de
821 1461 940 1526 genere
964 1439 1088 1515 horum,

211 1544 401 1644 ><praemia
423 1543 555 1608 delicias
577 1565 705 1629 quoque
727 1544 813 1609 vitae
837 1543 985 1608 funditus
1007 1545 1120 1620 omnis,

250 1647 391 1710 carmina
413 1647 564 1732 picturas,
587 1653 622 1710 et
644 1645 778 1710 daedala
800 1647 894 1732 signa
915 1646 1024 1731 polire,

214 1770 328 1822 rusus
350 1758 384 1813 et
406 1748 563 1836 impigrae
587 1748 683 1813 simul
706 1749 907 1834 experientia
928 1749 1047 1812 mentis

251 1853 407 1936 paulatim
430 1852 540 1916 docuit
563 1853 776 1937 pedetemtim
799 1822 1061 1939 progredientisl

250 1957 296 2020 sic
318 1955 575 2042 unumquicquid
598 1955 757 2042 paulatim
779 1955 939 2040 protrahit
962 1964 1053 2020 aetas

251 2059 284 2123 in
307 2059 450 2123 medium
472 2058 619 2144 ratioque
642 2059 676 2122 in
699 2057 831 2123 luminis
853 2058 950 2145 erigit
973 2033 1067 2127 orasl

251 2186 389 2249 namque
411 2164 477 2228 alid
500 2186 540 2228 ex
563 2163 626 2227 alio
648 2164 820 2228 clarescere
843 2172 877 2228 et
899 2163 1010 2228 ordine
1034 2162 1132 2228 debet

215 2268 383 2344 ‚cartibus
405 2269 447 2333 ad
469 2291 633 2333 summum
655 2268 757 2333 donec
779 2291 895 2334 venere
918 2239 1095 2366 cacumen..

164 2489 210 2538 out
220 2489 286 2538 alter
296 2505 331 2538 m:
349 2497 373 2538 et
384 2489 407 2538 is
418 2488 500 2539 added
510 2488 544 2552 by
556 2488 619 2539 Mar.
634 2488 692 2538 Ald.
706 2489 720 2536 1
732 2487 805 2537 lunt.
817 2487 910 2537 hamb.
926 2488 995 2549 vulg.
1024 2488 1149 2538 vasatili’
1161 2487 1241 2538 Laoh.
1304 2489 1369 2538 1442

165 2572 222 2620 Iam
232 2570 311 2619 Lach.
323 2571 363 2619 for
376 2573 446 2620 Tum.
476 2578 580 2635 propter
591 2571 675 2620 odores
687 2569 723 2620 all
733 2585 796 2620 mss.
811 2569 896 2618 which
908 2570 982 2622 Wslr.
996 2569 1119 2634 absurdly
1129 2570 1245 2621 defends.
1275 2575 1368 2635 puppi-

166 2655 209 2703 bus
218 2653 344 2718 (puppib.)
353 2661 421 2704 etres
431 2652 510 2702 bach.
538 2654 665 2716 puppibus
672 2652 694 2702 is
707 2651 924 2715 unquestionably
934 2652 1005 2714 right
1011 2671 1018 2714 ;
1036 2653 1083 2702 but
1094 2670 1132 2703 res
1144 2669 1254 2717 appears
1265 2658 1373 2717 strange

149 2732 273 2794 „without
290 2748 342 2795 any
358 2733 468 2796 epithet3
491 2731 586 2782 Ihsre
603 2732 705 2782 written
721 2732 849 2782 therefore
862 2734 987 2796 puppibus
995 2750 1005 2790 ,·
1023 2735 1103 2783 urbes.
1142 2736 1205 2783 Tum
1220 2750 1288 2783 mare
1305 2738 1367 2784 oeli·

165 2815 247 2863 volum
257 2816 365 2876 florebat
381 2814 484 2864 navibu’
498 2815 592 2877 paridis
610 2814 682 2864 Junt.
699 2813 754 2878 (not
769 2814 845 2862 Pont.
861 2828 891 2862 or
907 2813 984 2879 Mar.)
997 2813 1088 2863 Lamb.
1101 2819 1148 2865 etc.
1160 2815 1287 2878 probably
1304 2815 1371 2865 alter

167 2896 278 2945 Servius.
377 2897 439 2947 1449
451 2903 476 2945 et
487 2895 572 2945 added
584 2895 618 2957 by
628 2895 697 2946 Flor.
712 2896 743 2944 31
756 2895 844 2944 (lamb.
951 2897 1015 2946 1451
1028 2900 1111 2960 polire
1122 2898 1192 2947 Flor.
1205 2899 1235 2947 31
1248 2898 1307 2948 Vat.
1320 2900 1371 2950 640

166 2975 257 3025 Urbin.
270 2976 322 3026 and
335 2977 398 3026 1954
409 2975 503 3026 011101).
515 2976 580 3025 Mar.
593 2975 651 3025 Ald.
664 2977 678 3024 1
691 2976 764 3027 Junt.
778 2975 870 3025 Lamb.
882 2975 963 3026 Laoh.
976 2978 1017 3026 lor
1025 2980 1116 3041 polito.
1206 2980 1269 3028 1455
1285 2983 1370 3042 eripit.

166 3061 232 3108 cruit
243 3059 316 3108 lunt.
330 3059 385 3123 (not
395 3058 469 3108 Pont.
484 3073 514 3107 or
524 3058 599 3123 Mar.)
613 3057 704 3107 Lamb.
716 3061 763 3107 eto.
776 3058 898 3120 wrongly.
1009 3059 1073 3108 1456
1089 3062 1223 3110 clarescere
1241 3069 1266 3110 et
1280 3063 1368 3112 ordina

167 3143 237 3190 debet
248 3139 297 3189 Ed.
310 3141 349 3190 for
365 3142 498 3189 clarescere
515 3141 587 3189 corde
603 3141 740 3188 videbant:
766 3154 814 3188 one
832 3155 844 3188 e
860 3155 913 3189 was
932 3139 1057 3190 absorbed
1078 3140 1112 3205 by
1128 3142 1173 3192 the
1192 3142 1283 3200 other3
1304 3143 1370 3194 then

167 3224 262 3272 tordius
280 3224 350 3271 debet
367 3221 458 3283 passed
475 3221 532 3270 into
549 3223 621 3270 corde
638 3223 765 3270 01141001.
799 3223 932 3271 clarescere
950 3225 1111 3272 conveniebat
1127 3224 1206 3275 Laoh.
1226 3224 1284 3274 who
1300 3224 1372 3288 joins

167 3292 269 3354 Artibus
280 3303 342 3353 with
352 3319 445 3354 venere.
