3008 4800
719 232 769 295 VI

252 400 351 486 inque
374 401 447 464 aliis
469 401 579 475 alium,
602 400 760 485 populum
782 401 920 484 sepelire
942 423 1075 465 suorum

250 513 429 569 certantes:
460 505 601 568 lacrimis
624 504 699 568 lassi
723 504 879 589 luctuque
902 505 1072 584 redibant;
1198 542 1219 598 q

250 604 325 668 inde
348 605 466 667 bonam
489 610 616 687 partem
639 603 674 665 in
697 602 818 667 lectum
844 625 986 667 maerore
1010 566 1193 682 debanniri

251 729 311 770 nec
332 714 460 793 poterat
482 705 654 789 quisquam
677 705 817 788 reperiri,
840 726 938 789 quern
962 727 1067 790 neque
1091 707 1223 770 morbus
1273 723 1354 787 1250

251 832 309 874 nec
333 831 417 873 mors
439 830 498 872 nec
521 807 628 871 luctus
651 816 828 893 temptaret
850 817 997 893 tempore
1020 778 1129 895 talili'

298 908 469 972 Praeterea
490 907 555 969 iam
580 915 688 990 pastor
710 915 745 971 et
766 908 983 972 armentarius
1007 908 1112 971 omnis

251 1019 285 1075 et
307 1012 459 1075 robustus
482 1011 561 1073 item
584 1010 675 1073 curvi
697 1010 880 1074 moderator
901 1011 1001 1074 aratri

254 1109 439 1195 languebat,
462 1110 659 1194 penitusque
681 1131 755 1173 casa
777 1117 929 1173 contrusa
951 1109 1100 1174 iacebant

253 1235 384 1297 corpora
405 1221 599 1299 paupertate
622 1221 656 1277 et
679 1211 789 1276 morbo
811 1213 923 1277 dedita
945 1187 1093 1289 mortill'
1274 1228 1350 1294 1255

254 1317 411 1380 exanimis
433 1318 542 1402 pueris
565 1339 662 1401 super
684 1316 870 1381 exanimata
893 1325 1065 1401 parentum

253 1439 384 1502 corpora
405 1439 650 1502 nonnumquam
671 1438 782 1501 posses
803 1424 954 1501 retroque
977 1416 1086 1480 videre
1147 1476 1165 1525 M

254 1520 414 1584 matribus
436 1529 471 1584 et
492 1519 640 1605 patribus
661 1527 756 1583 natos
778 1541 874 1603 super
896 1518 991 1583 edere
1015 1489 1137 1607 vitaml

224 1694 225 1697 Ἴ
254 1645 313 1687 nec
335 1623 503 1687 minimam
526 1632 653 1709 partem
677 1646 716 1688 ex
739 1623 825 1708 agris
847 1625 877 1686 ic
899 1644 1023 1687 maeror
1045 1623 1079 1686 in
1101 1622 1214 1686 urbem

254 1727 419 1804 confluxit,
442 1728 598 1812 languens
621 1749 718 1812 quem
740 1727 879 1792 contulit
902 1727 1116 1813 agricolarum
1274 1728 1355 1790 1260

254 1831 345 1915 copia
367 1830 559 1894 conveniens
583 1851 622 1893 ex
645 1829 735 1894 omni
761 1829 910 1893 morbida
931 1812 1069 1915 parcet*

255 1933 364 1997 omnia
386 1933 581 2018 conplebant
604 1933 672 1996 loca
694 1940 868 2018 tectaque3
899 1955 963 2017 quo
988 1932 1091 2018 magis
1112 1940 1220 1996 aestus

254 2131 411 2205 confertos
433 2139 482 2204 ita
503 2139 679 2204 acervatim
702 2161 787 2204 mors
808 2103 1082 2208 accumulabat.l‘'

257 2245 362 2308 multa
384 2244 440 2308 siti
463 2253 625 2329 protracta
648 2245 734 2309 viam
757 2267 815 2330 per
837 2266 959 2329 proque
982 2244 1094 2308 voluta

257 2370 388 2434 corpora
409 2350 528 2413 silanos
550 2349 591 2412 ad
614 2371 772 2435 aquarum
795 2357 898 2413 strata
920 2348 1072 2412 iacebant
1275 2349 1352 2427 1265

256 2452 431 2516 interclusa
453 2453 562 2516 anima
584 2452 686 2516 nimia
707 2452 750 2516 ab
773 2451 943 2516 dulcedine
966 2473 1132 2537 aquarum,

257 2556 426 2640 multaque
448 2578 507 2641 per
528 2555 641 2641 populi
663 2555 784 2641 passim
808 2555 876 2618 loca
899 2562 1049 2642 prompta
1071 2553 1202 2638 viasque

257 2659 412 2745 languida
433 2662 612 2725 semanimo
634 2682 709 2724 curn
732 2680 862 2744 corpore
885 2657 1032 2722 membra
1052 2656 1178 2721 videres

257 2762 386 2827 horrida
407 2762 545 2848 paedore
568 2771 602 2828 et
625 2763 741 2848 pannis
763 2770 914 2847 cooperta
936 2761 1041 2847 perire

256 2865 395 2951 corporis
417 2865 547 2943 inluvie,
571 2867 649 2952 pelli
671 2889 769 2951 super
790 2866 915 2931 ossibus
938 2888 1011 2942 una,

257 2970 419 3035 ulceribus
442 2971 556 3035 taetris
580 2992 678 3055 prope
701 2971 766 3034 iam
790 2971 940 3055 sordique
963 2969 1098 3054 sepulta.

257 3073 366 3136 omnia
387 3073 527 3159 denique
550 3083 664 3138 sancta
686 3074 784 3138 deum
807 3073 943 3138 delubra
965 3072 1106 3157 replerat

1120 2923 1135 2975 k
1275 2880 1356 2946 1270

148 3334 218 3384 Brin
233 3333 289 3383 Ver.
305 3333 368 3383 Ven.
381 3333 529 3382 1011111111.
630 3333 694 3384 1247
705 3347 756 3382 ono
767 3348 796 3381 or
807 3347 879 3381 more
890 3347 975 3382 verses
990 3347 1033 3381 are
1045 3331 1175 3393 evidently
1185 3331 1236 3379 lost
1247 3329 1315 3387 here,
1328 3343 1357 3378 or

149 3415 193 3465 the
204 3430 311 3478 passage
320 3430 372 3464 was
384 3415 430 3464 leit
441 3416 470 3463 in
482 3430 517 3464 an
529 3415 677 3464 unfinished
689 3418 764 3464 state.
937 3415 1141 3465 larciniacum
1152 3414 1217 3462 Mar.
1229 3413 1302 3464 Junt.
1316 3413 1357 3460 101

148 3500 285 3548 iniectum:
301 3500 331 3546 in
343 3501 418 3547 letum
429 3498 494 3548 Mar.
509 3512 532 3559 p.
548 3513 584 3545 m.
596 3497 624 3545 in
637 3498 708 3545 Mon.
721 3498 774 3546 and
784 3497 891 3546 Victorii
900 3497 963 3549 Ven.
1066 3499 1129 3547 1250
1138 3500 1233 3547 morbus
1242 3497 1310 3548 Flor,
1324 3499 1356 3547 31

150 3577 238 3627 (lamb.
251 3579 322 3629 Mon.
337 3579 377 3628 101
388 3582 475 3630 morbo.
597 3580 659 3629 1259
672 3593 702 3627 es
714 3581 784 3640 cyris
796 3582 818 3626 11
830 3594 928 3627 moeror
938 3578 987 3627 Ed.
1000 3580 1040 3627 101
1052 3594 1082 3627 ea
1093 3581 1162 3640 cyris
1173 3580 1299 3626 moeroris.
1333 3580 1355 3626 ia

148 3677 201 3711 was
212 3661 336 3711 absorbed
348 3662 381 3725 by
392 3665 476 3723 ocrim
494 3662 557 3710 then
569 3665 688 3711 moeroris
699 3676 752 3710 was
763 3660 864 3710 written
877 3665 904 3710 to
920 3646 958 3709 lill
970 3676 1006 3722 up
1018 3660 1061 3710 tha
1072 3676 1151 3710 verse.
1218 3661 1281 3710 1260
1295 3663 1356 3709 Con·

143 3746 232 3806 fluxit,
248 3748 375 3805 1111911111.
412 3746 542 3811 0011111111
552 3745 618 3792 labes
630 3742 724 3792 Lech:
743 3742 866 3791 aviolent
882 3743 1028 3792 alteration.
1129 3743 1191 3791 1262
1203 3743 1356 3804 conplebant.

149 3827 285 3887 complebat
303 3825 376 3873 Junt.
395 3828 442 3873 not
460 3825 535 3872 Pont.
554 3839 583 3872 or
600 3824 677 3882 Mar..
695 3825 850 3885 complebant
866 3823 957 3873 Lamb.
976 3823 1014 3871 101
1031 3825 1186 3873 condiebant.
1221 3825 1357 3872 condebant

150 3907 246 3956 Acorr.
263 3905 332 3956 Nico.
369 3913 459 3956 aestua
496 3914 553 3954 11111
564 3905 644 3954 Lach.
672 3913 755 3954 1111111
767 3904 884 3954 however
893 3919 981 3967 agrees
990 3920 1018 3954 so
1030 3905 1140 3966 entirely
1148 3904 1211 3953 with
1223 3903 1267 3952 the
1275 3904 1357 3952 words

143 3989 177 4036 oi
188 3987 358 4049 Thucydides,
371 3987 431 4036 that
442 3987 455 4035 I
467 3986 542 4036 think
555 4003 570 4036 a
582 4002 653 4037 verse
664 3987 714 4036 has
725 3987 802 4036 fallen
814 3990 860 4036 out
872 3987 936 4036 such
952 4002 982 4035 as
993 4003 1041 4049 quo
1052 3990 1132 4048 mayis
1143 3996 1224 4036 1111111
1238 3988 1356 4049 011111111-

150 4072 192 4119 bat
204 4086 243 4119 eos
254 4073 302 4118 cet.
336 4078 408 4118 aestu
419 4070 484 4119 Mar.
496 4070 512 4118 J
514 4074 569 4119 unt.
583 4070 659 4118 Bern.
760 4068 823 4118 1264
836 4077 968 4132 protracta
977 4069 1057 4118 Lach.
1071 4070 1110 4118 101
1118 4077 1262 4132 prostrato:
1280 4069 1356 4118 Wak.

150 4153 223 4202 reads
234 4161 330 4202 11111111
342 4153 382 4201 101
392 4161 475 4202 111111
486 4153 513 4201 in
526 4154 597 4202 1265.
732 4153 795 4201 1265
806 4153 920 4202 iacebant
933 4153 990 4202 Ver.
1003 4152 1066 4203 Ven.
1081 4154 1120 4200 101
1132 4154 1254 4202 tacebant.
1292 4160 1356 4201 taee-

151 4237 212 4285 bant
226 4236 298 4286 Nico.
313 4236 376 4285 with
392 4238 402 4284 i
416 4236 519 4284 written
535 4251 595 4284 over
607 4245 616 4285 t
629 4257 634 4286 :
652 4236 743 4292 hence.
756 4234 830 4284 while
845 4235 915 4284 Flor.
931 4237 962 4284 31
981 4235 1070 4284 Camb.
1089 4239 1136 4284 etc.
1154 4234 1216 4296 keep
1235 4236 1356 4292 tacebant,

153 4317 211 4367 Ver.
224 4318 287 4367 Ven.
297 4317 383 4366 which
394 4317 498 4379 usually
509 4316 604 4366 adhere
619 4320 646 4366 to
662 4316 707 4366 the
722 4316 794 4366 older
809 4319 864 4365 text
877 4317 906 4365 01
920 4315 1001 4377 Nice,
1016 4315 1083 4364 have
1095 4315 1139 4365 the
1149 4315 1276 4364 corrected
1287 4315 1357 4364 read-

151 4401 204 4464 ing.
326 4401 387 4452 1271
404 4401 532 4449 Ulceribus
544 4397 635 4448 Lamb.
648 4399 705 4447 first
717 4399 757 4448 101
771 4400 907 4448 Viceribus.
945 4400 1083 4447 Visceribus
1095 4398 1117 4445 A
1128 4412 1192 4446 corr.
1205 4396 1275 4445 Nico.
1287 4397 1356 4446 Flor.
