3008 4800
741 224 772 287 V

245 396 391 473 tempore
412 388 476 473 q'uo
498 387 641 472 primurn
664 387 761 451 tellus
782 386 936 451 animalia
958 386 1052 464 fudit,

245 490 291 554 nil
314 499 425 556 tamen
448 499 499 556 est
521 490 607 577 signi
629 490 748 555 mixtas
770 490 914 576 potuisse
937 491 1039 555 creari

243 592 330 656 inter
352 614 386 656 se
407 592 548 678 pecudes
570 600 800 678 compactaque
823 593 968 657 membra
989 592 1203 669 animantum,

244 703 416 781 propterea
437 695 515 781 quia
537 716 620 780 quae
642 694 683 760 de
706 695 800 759 terris
821 718 908 760 nuuc
931 718 1058 782 quoque
1080 696 1250 761 abundant
1299 715 1364 777 920

245 797 419 864 herbarum
440 821 562 885 genera
582 821 620 863 ac
642 799 751 885 fruges
772 799 969 885 arbustaque
991 799 1077 863 laeta

247 922 312 964 non
334 909 445 966 tamen
467 901 555 967 inter
576 922 610 965 se
632 908 767 986 possunt
789 900 957 985 complexa
977 901 1085 976 creari,

212 989 214 992 ’
246 1002 304 1066 sed
326 1025 377 1067 res
399 1024 547 1089 quaeque
569 1023 628 1066 suo
650 1001 716 1066 ritu
739 1001 885 1087 procedit
907 1010 941 1066 et
964 1025 1073 1067 omnes

248 1105 375 1170 foedere
397 1113 534 1170 naturae
556 1112 644 1168 certo
666 1104 852 1168 discrimina
874 1077 1025 1209 servanti

290 1209 338 1274 At
359 1223 464 1295 'genus
486 1208 667 1271 humanum
690 1206 793 1270 multo
816 1206 984 1271 fuit'illud
1008 1208 1042 1270 in
1064 1209 1149 1273 arvis

247 1311 370 1388 durius,
393 1319 432 1375 ut
453 1310 573 1387 decuit,
596 1309 694 1374 tellus
716 1309 906 1396 quoddura
928 1320 1074 1387 creasset,

250 1423 285 1479 et
307 1414 483 1480 maioribus
504 1423 540 1480 et
562 1415 672 1480 solidis
693 1414 798 1502 magis
820 1415 947 1480 ossibus
969 1415 1057 1480 intus

250 1518 433 1593 fundatum,
457 1519 573 1583 validis
593 1528 709 1604 aptum
730 1540 789 1604 per
805 1519 932 1583 viscera
953 1519 1067 1596 nervis,

250 1643 310 1686 nec
333 1621 426 1686 facile
448 1644 488 1686 ex
510 1630 603 1687 aestu
627 1644 687 1686 nec
708 1621 825 1708 frigore
847 1621 933 1707 quod
955 1631 1124 1707 caperetur

251 1747 311 1789 neo
332 1724 478 1790 novitate
501 1724 566 1789 cibi
588 1747 649 1790 nec
670 1725 737 1790 labi
758 1725 898 1810 corporis
919 1710 1009 1816 ullal

252 1827 422 1914 multaque
444 1850 502 1914 per
524 1827 650 1893 caelum
672 1828 747 1893 solis
769 1828 934 1893 volventia
955 1828 1058 1892 lustra

254 1927 425 2015 volgivago
448 1927 551 1991 vitam
574 1926 760 1993 tractabant
782 1949 870 1991 more
893 1909 1052 2012 ferarum}

254 2055 313 2096 neo
334 2031 487 2097 robustus
509 2039 579 2095 erat
601 2031 693 2096 curvi
714 2031 897 2096 moderator
918 2030 1018 2094 aratri

254 2136 434 2222 quisquam,
457 2159 517 2201 nec
538 2136 643 2201 scibat
666 2136 749 2200 ferro
772 2133 915 2198 molirier
936 2155 1013 2197 arva

253 2262 314 2304 neo
334 2261 419 2304 nova
440 2237 589 2304 defodere
611 2238 646 2302 in
670 2247 789 2304 terram
811 2237 954 2322 virgulta
975 2259 1017 2300 ne
1039 2258 1080 2301 ue
1103 2236 1179 2301 altis

217 2342 422 2434 garboribus
445 2351 569 2408 veteres
591 2342 739 2407 decidere
761 2340 889 2406 falcibu'
911 2258 1038 2428 ramos]

254 2448 341 2533 quod
363 2447 410 2512 sol
433 2456 532 2533 atque
554 2447 674 2512 imbres
696 2446 862 2521 dederant,
885 2445 972 2530 quod
996 2453 1081 2508 terra
1103 2452 1226 2509 crearat

213 2593 232 2632 4
256 2559 372 2637 sponte
394 2574 461 2628 sua,
483 2552 563 2616 satis
585 2552 619 2616 id
642 2551 792 2637 placabat
814 2558 946 2636 pectora
968 2519 1106 2626 donuml

255 2655 452 2742 glandiferas
474 2656 561 2721 inter
583 2657 740 2721 curabant
762 2678 895 2742 corpora
916 2676 1052 2740 quercus

255 2761 465 2847 plerumque3
495 2770 529 2825 et
551 2783 634 2846 quae
656 2784 744 2826 nuuc
766 2762 901 2826 hiberno
924 2769 1068 2846 tempore
1090 2760 1194 2824 cernis

216 2912 233 2952 f
256 2864 363 2929 arbita
384 2864 522 2949 puniceo
545 2863 616 2928 fieri
639 2872 766 2929 matura
788 2865 900 2942 colore,

191 3055 193 3059 ¹
257 2966 397 3052 plurima
420 2975 491 3031 tum
514 2968 612 3033 tellus
634 2968 734 3033 etiam
756 2968 879 3032 maiora
901 2925 1051 3076 ferebat!

258 3071 427 3157 multaque
450 3081 618 3157 praeterea
640 3072 767 3138 novitas
789 3081 862 3137 turn
885 3072 999 3136 florida
1019 3073 1134 3136 mundi

258 3177 379 3263 pabula
400 3166 483 3242 dura
504 3178 592 3253 tulit,
615 3176 739 3242 miseris
761 3176 953 3241 mortalibus
975 3148 1103 3261 amplal

259 3289 295 3344 at
316 3279 429 3346 sedare
451 3280 542 3345 sitim
565 3281 658 3344 fluvii
681 3281 849 3365 fontesque
872 3281 1039 3357 vocabant,

261 3392 298 3448 ut
321 3406 408 3447 nuno
431 3383 637 3448 montibusa
660 3383 787 3470 magnis
809 3384 961 3449 decursus
983 3383 1079 3468 aquai

260 3485 358 3551 olaru'
381 3485 463 3551 citat
485 3487 551 3551 late
574 3485 721 3550 sitientia
742 3486 847 3551 saecla
870 3467 1044 3652 ferarum&

260 3589 401 3675 denique
422 3601 502 3654 nota
524 3589 598 3676 vagi
620 3589 780 3654 silvestria
802 3591 925 3675 templa
947 3598 1022 3653 tene
1045 3598 1102 3653 ant

177 3805 228 3854 Sed
243 3819 283 3853 rer
300 3818 411 3866 quaeqroe
428 3802 476 3853 Ed
493 3802 532 3852 lor
549 3803 599 3851 Sed
614 3804 638 3850 ri
655 3815 775 3865 quaeqae.
813 3789 916 3850 Sedato
934 3801 1045 3863 quodque
1062 3799 1127 3848 Mar.
1141 3800 1187 3864 (ric
1200 3800 1295 3864 Pont.).
1331 3803 1381 3853 Res

177 3888 213 3935 sic
229 3886 322 3936 Lamb.
356 3887 407 3935 Sed
422 3889 462 3935 vir
478 3884 559 3934 Lech.
707 3885 755 3935 925
772 3887 806 3933 At
821 3882 902 3933 Lech.
923 3884 964 3932 ior
979 3885 1031 3940 Et3
1054 3882 1106 3931 and
1123 3882 1167 3933 the
1184 3882 1282 3946 change
1299 3897 1382 3934 seems

177 3983 322 4031 necessary.
448 3968 496 4018 934
508 3969 621 4017 nwlirier
631 3966 703 4016 Brix.
715 3965 732 4014 J
733 3968 789 4016 unt.
802 3966 841 4015 lor
851 3967 984 4015 nwllerier.
1018 3967 1139 4014 mollirier
1150 3965 1226 4014 Pout.
1239 3965 1306 4015 Mar.
1318 3979 1348 4016 as
1360 3967 1382 4016 A

177 4063 241 4100 corr.
405 4051 455 4101 944
477 4052 542 4099 dara
558 4049 618 4098 Vnt.
635 4050 700 4100 3276
716 4049 827 4111 Nauger.
846 4048 886 4097 ior
902 4050 973 4098 dira:
997 4063 1013 4096 a
1029 4047 1126 4096 certain
1142 4048 1291 4098 correction.
1336 4050 1383 4100 dia

178 4131 287 4188 Arane.
389 4133 437 4184 947
456 4133 544 4181 Glarn‘
556 4133 621 4181 citat
638 4131 689 4179 late
705 4130 828 4192 Forbiger
845 4130 885 4178 ior
903 4132 1051 4180 Charicltati
1068 4145 1085 4177 a
1101 4137 1133 4178 ta
1169 4131 1270 4179 Glorior
1286 4133 1382 4180 accitur

177 4211 246 4263 Flor.
258 4214 289 4262 31
305 4212 392 4264 avit.
404 4214 469 4264 Mar.
483 4213 568 4262 Aldl
584 4213 658 4262 tunt.
674 4212 764 4263 Lamb.
778 4212 817 4263 ed.
834 4214 847 4261 l
864 4212 917 4262 and
932 4214 955 4262 2.
993 4213 1131 4261 claricitat
1146 4213 1197 4261 late
1207 4211 1299 4261 hamb.
1311 4212 1351 4262 ed.
1367 4216 1382 4262 3

177 4294 243 4344 after
259 4295 324 4347 sim.
341 4297 445 4349 Rosius.
493 4299 595 4346 Glorior
614 4299 710 4346 invitat
726 4295 840 4345 Politian
857 4295 885 4344 in
902 4310 983 4357 marg.
1000 4293 1068 4342 Flor.
1086 4295 1126 4344 29.
1172 4295 1312 4358 Olariaitot
1332 4297 1384 4345 late

148 4401 151 4408 ·
176 4375 254 4428 harh.
268 4377 327 4428 who
338 4393 426 4429 aneera
437 4383 466 4429 at
477 4379 612 4442 Forbiger:
631 4377 678 4427 but
690 4393 731 4427 see
743 4381 818 4428 notes
831 4380 854 4427 2.
960 4378 1008 4426 948
1019 4385 1079 4425 ποτα
1090 4379 1150 4438 naal
1160 4379 1289 4426 silvestria
1300 4377 1381 4428 Lech.
