3008 4800
746 225 796 288 VI

238 389 441 474 quinetiam
464 390 540 453 solis
562 390 602 453 de
627 389 750 453 lumine
775 389 878 452 multa
900 398 1062 452 necessest

240 492 415 575 concipere,
439 501 477 555 ut
500 493 616 555 merito
639 491 778 554 rubeant
801 490 956 576 ignesque
978 491 1183 574 profundant.
1302 511 1365 557 210

241 594 334 658 hasce
358 595 460 680 igitur
483 616 557 657 cum
581 603 699 657 ventus
720 615 820 677 agens
842 595 1002 657 contrusit
1024 594 1058 657 in
1082 617 1182 658 unum

241 700 495 783 compressitque
520 699 626 762 locum
649 720 775 782 cogens,
797 720 948 782 expressa
970 699 1170 782 profundunt

239 801 366 863 semina
389 823 472 884 quae
496 800 621 864 faciunt
644 800 795 863 flammae
818 800 942 884 fulgere
964 782 1113 888 coloresl

242 903 339 988 fulgit
362 903 452 977 item,
476 924 550 966 cum
574 910 742 966 rarescunt
764 924 893 987 quoque
915 903 1028 967 nubila
1050 903 1137 968 caeli.

204 1023 315 1085 Anam
339 1028 413 1069 cum
438 1015 554 1069 ventus
577 1027 632 1069 eas
656 1005 772 1069 leviter
794 1005 920 1070 diducit
943 1005 1052 1070 euntis

240 1108 464 1193 dissoluitque,
486 1108 605 1172 cadant
627 1109 767 1194 ingratis
789 1109 845 1172 illa
868 1119 1029 1175 necessest

241 1209 366 1273 semina
389 1233 473 1295 quae
497 1211 623 1275 faciunt
646 1197 833 1300 fulgorem}
859 1224 932 1276 tum
955 1212 1024 1277 sine
1047 1221 1150 1277 taetro

243 1323 364 1378 terrore
387 1322 422 1378 et
445 1315 554 1378 sonitu
577 1314 677 1401 fulgit
698 1314 853 1400 nulloque
878 1293 1055 1410 tumultui
1104 1338 1106 1343 ·

286 1415 381 1495 Quod
404 1425 561 1502 superest,
585 1419 676 1501 puali
697 1426 817 1482 natura
837 1419 987 1503 praedita
1008 1426 1156 1483 constent

242 1519 388 1596 fulmina,
411 1520 578 1584 declarant
600 1519 686 1584 ictus
709 1528 744 1584 et
766 1521 878 1599 inusta
901 1521 1028 1607 vaporis

200 1607 232 1690 ΧΑ·
241 1622 334 1706 signa
356 1633 519 1707 notaeque
542 1623 650 1708 gravis
673 1623 814 1688 halantis
836 1625 978 1709 sulpuris
1000 1603 1118 1718 auras]

241 1725 326 1809 ignis
350 1727 436 1789 enim
460 1737 538 1791 sunt
562 1726 642 1790 haec
664 1748 729 1791 non
752 1727 843 1791 venti
866 1727 1088 1814 signansque
1111 1698 1252 1835 imbrisi

240 1839 409 1913 praeterea
432 1851 526 1914 saepe
548 1829 731 1893 accendunt
754 1851 883 1914 quoque
906 1838 994 1894 tecta
1016 1831 1181 1895 domorum

240 1941 275 1995 ct
297 1931 394 1995 celeri
416 1932 548 1995 flamma
570 1931 781 1996 dominantur
803 1933 838 1996 in
860 1932 997 1997 aedibus
1019 1909 1122 2020 ipsisl

217 2013 328 2128 «lhunc
351 2035 414 2098 tibi
438 2036 594 2101 subtilem
612 2029 692 2100 ¹cum
715 2036 829 2122 primis
851 2036 982 2122 ignibus
1004 2037 1112 2124 ignem
1301 2053 1361 2118 225

241 2138 414 2202 constituit
437 2148 557 2202 natura
579 2138 716 2203 minutis
738 2139 978 2224 mobilibusque

241 2241 437 2325 corporibus,
461 2241 514 2305 cui
536 2241 584 2304 nil
607 2240 739 2306 omnino
762 2240 918 2306 obsistere
941 2201 1065 2346 possiti

242 2346 361 2409 transit
383 2346 472 2409 enim
496 2345 642 2409 validum
665 2344 790 2409 fulmen
813 2366 870 2429 per
894 2354 1008 2430 saepta
1029 2345 1205 2421 domorum,

240 2450 360 2513 clamor
383 2460 422 2513 ut
445 2472 483 2513 ac
507 2471 610 2525 voces,
633 2448 753 2513 transit
776 2471 833 2534 per
855 2470 942 2524 saxa,
964 2470 1022 2533 per
1044 2469 1126 2522 aera,

240 2556 275 2612 et
298 2548 460 2634 liquidum
483 2560 605 2634 puncto
629 2549 707 2613 lacit
729 2569 784 2612 aes
807 2548 842 2612 in
865 2556 1009 2632 tempore
1032 2556 1066 2612 et
1088 2571 1211 2623 aurum,
1299 2565 1364 2629 230

240 2664 333 2717 curat
356 2653 438 2718 item
461 2653 546 2718 vasis
568 2653 706 2739 integris
727 2650 804 2716 vina
825 2660 960 2738 repente

240 2756 425 2842 diffugiant,
448 2758 527 2842 quia
549 2757 704 2820 nimirum
727 2756 821 2820 facile
843 2755 953 2819 omnia
973 2755 1093 2819 circum

239 2861 389 2925 conlaxat
411 2883 547 2946 rareque
570 2860 648 2925 facit
671 2859 864 2925 lateramina
886 2858 971 2924 vasis

239 2965 416 3029 adveniens
438 2964 524 3028 calor
546 2964 617 3028 eius
639 2972 682 3044 et
696 2963 881 3027 insinuatus
904 2963 938 3026 in
960 2961 1066 3048 ipsum

239 3068 403 3133 mobiliter
425 3069 556 3132 soluens
578 3067 690 3131 differt
713 3066 889 3152 primordia
912 3065 988 3130 vini.
1301 3083 1359 3148 235

151 3302 219 3352 Flor.
234 3304 264 3351 31
282 3303 371 3353 (lamb.
386 3303 450 3354 Mar.
466 3305 507 3352 101
518 3305 686 3366 Flammam.
720 3305 866 3367 splendidus
878 3307 936 3354 ollis
947 3303 1056 3352 1110191
1068 3302 1136 3352 Mar.
1146 3303 1361 3353 Gamb.corr.but

152 3401 175 3447 p.
196 3400 240 3446 m.,
264 3386 329 3435 Mar.
350 3387 390 3435 for
406 3387 611 3450 spleirdidaeolia.
748 3388 796 3436 299
823 3389 892 3448 Quia
915 3389 992 3436 etiam
1016 3385 1095 3434 Lech.
1114 3385 1153 3434 101
1174 3389 1271 3449 Quippe
1288 3389 1362 3439 enim.

153 3469 250 3532 Quippe
273 3472 363 3518 etenim
388 3468 457 3531 vulg.
604 3470 653 3518 210
676 3471 782 3518 rubeant
799 3468 867 3519 Flor.
888 3470 919 3518 31
938 3468 1027 3519 (lamb.
1048 3467 1118 3518 Brix.
1139 3469 1214 3517 Pont.
1236 3468 1299 3518 Mar.
1323 3470 1362 3517 101

153 3553 263 3600 iubeam.
413 3553 461 3600 213
474 3554 584 3614 sulpere.
614 3554 716 3614 falpore
732 3552 828 3601 Avanc.
845 3551 924 3603 Lech.
945 3551 973 3600 in
989 3550 1103 3600 defiance
1121 3551 1148 3600 01
1164 3551 1292 3613 Epicurus
1309 3552 1362 3602 aad

154 3632 290 3682 Lucretius
301 3633 437 3696 assigning
448 3634 537 3682 colour
550 3638 577 3682 10
589 3639 681 3683 atoma.
855 3635 904 3682 216
928 3637 1038 3696 iapralis
1054 3633 1116 3682 Pius
1133 3633 1161 3681 in
1178 3636 1251 3682 notes
1268 3634 1307 3683 for
1324 3637 1362 3683 ia·

152 3716 258 3776 pretias.
394 3716 443 3764 218
460 3718 545 3764 sonita
562 3715 620 3765 Vat.
640 3716 704 3767 1954
721 3715 816 3765 Othob.
833 3715 898 3765 Mar.
915 3714 972 3764 Ald.
990 3716 1003 3762 1
1018 3715 1090 3764 iuni.
1109 3715 1240 3764 10110011.
1273 3718 1362 3765 sortitis

151 3794 219 3845 Flor.
242 3797 274 3844 31
297 3795 387 3845 (lamb.
412 3811 462 3845 one
486 3796 545 3846 Vat.
580 3805 656 3860 atque
673 3797 835 3846 10011Ρο111.
967 3797 1014 3846 219
1031 3798 1102 3858 puali
1119 3795 1202 3845 added
1219 3796 1252 3859 by
1269 3796 1358 3848 Iramb.

151 3879 217 3939 qaod
228 3880 263 3927 sic
276 3877 344 3926 Flor.
363 3879 395 3926 31
407 3878 498 3927 (lamb.
639 3880 687 3928 229
704 3882 771 3929 ictus
782 3887 807 3928 et
818 3879 887 3928 Flor.
900 3880 931 3928 31
943 3879 1018 3928 Pont.
1030 3879 1095 3927 Mar.
1109 3878 1165 3928 Ald.
1180 3880 1194 3926 l
1205 3879 1221 3927 J
1224 3883 1281 3929 unt.¹
1292 3881 1360 3943 vulg.

151 3959 190 4008 101
201 3961 254 4009 ieta
265 3968 297 4009 et.
332 3962 386 4009 ictu
399 3962 454 4010 loca
466 3959 546 4010 Lech.
679 3962 727 4009 221
740 3976 817 4010 eurus
828 3961 899 4009 Mon.
913 3960 952 4026 (or
963 3960 1039 4022 Mar.)
1050 3960 1122 4012 Junt.
1140 3962 1179 4010 101
1190 3965 1270 4012 auria

108 4058 111 4063 ·
184 4044 231 4091 223
242 4057 315 4105 saepe
327 4041 362 4093 Is.
377 4042 451 4092 Voss
465 4044 555 4093 inms.
568 4048 644 4094 notes
656 4044 697 4094 101
708 4060 742 4094 ae.
772 4060 820 4107 per
830 4059 856 4094 ee
868 4044 938 4093 Flor.
950 4046 982 4093 31
994 4043 1064 4106 vulg.
1206 4045 1361 4095 2261101111·

155 4125 244 4186 lmeqae
255 4123 312 4175 alu
324 4125 339 4172 l
350 4124 423 4174 Juni.
435 4124 494 4190 (not
502 4125 579 4176 Pont.
592 4141 621 4175 or
633 4125 710 4188 Mar.)
718 4125 758 4175 101
764 4127 946 4188 amoribusque.
1011 4126 1060 4174 228
1069 4127 1115 4177 229
1124 4124 1203 4176 Laeli
1215 4127 1304 4176 malros
1313 4142 1362 4177 one

151 4219 221 4255 verae
229 4209 275 4256 001
282 4207 310 4256 01
316 4205 390 4257 these
395 4210 448 4258 two
454 4207 489 4270 by
495 4207 620 4271 omitting
624 4223 699 4272 pere.
710 4209 736 4259 d.
749 4209 778 4258 0.
785 4215 815 4258 01
822 4223 883 4261 aee.
894 4215 927 4258 ir.
1002 4208 1050 4258 229
1060 4223 1124 4256 caea
1131 4207 1152 4256 B
1160 4221 1225 4256 corr.
1235 4209 1274 4258 101
1279 4225 1357 4262 areca.

183 4288 231 4337 281
239 4289 396 4345 duratium
423 4289 655 4342 carcinothron
676 4292 758 4343 omar
765 4294 861 4341 itemat
868 4291 970 4343 hamb:
980 4290 1026 4340 but
1034 4290 1119 4352 surely
1127 4289 1197 4339 there
1204 4289 1227 4339 is
1235 4292 1362 4343 sufficient

111 4382 115 4388 ·
151 4367 683 4436 authorityiorcmittingmstetcuret
772 4373 1013 4424 mitissimam
1024 4371 1104 4423 Lech.
1117 4371 1157 4421 101
1168 4380 1197 4421 at
1209 4376 1361 4425 imiauauu.

1170 4454 1275 4520 17-2
