3008 4800
211 387 342 450 corpora
363 375 449 441 sunt,
474 365 508 427 in
531 364 644 428 eodem
667 376 745 428 ante
767 373 841 428 acta
862 375 971 429 aetate
995 365 1082 428 fuere

211 476 340 551 etpost
363 468 441 545 haec
463 489 592 550 semper
614 465 713 530 simili
737 468 862 531 ratione
887 468 1039 542 ferentur,

123 625 126 630 ,
212 578 246 634 et
270 592 352 654 quae
375 571 562 634 consuerint
583 570 676 656 gigni
699 571 878 656 gignentur
900 571 1012 635 eadem

214 672 400 736 condicione
422 683 457 736 et
480 682 577 736 erunt
599 683 634 736 et
657 686 801 738 crescent
824 675 921 759 vique
944 676 1109 750 valebunt,

213 786 374 861 quantum
397 778 514 862 cuique
536 778 651 841 datum
675 788 725 842 est
748 800 806 862 per
829 778 957 843 foedera
981 779 1116 843 naturai.

215 901 274 944 nec
296 902 405 944 rerum
426 902 587 944 summam
611 891 810 945 commutare
834 882 900 945 ulla
922 892 1030 966 potest
1052 883 1119 960 vis3

214 1005 290 1047 nam
312 1006 427 1070 neque,
449 1006 514 1069 quo
536 985 638 1069 possit
659 1007 763 1070 genus
786 985 890 1049 ullum
914 986 1061 1050 materiai

215 1088 358 1172 effugere
380 1110 421 1152 ex
443 1088 541 1164 omni,
564 1088 738 1174 quicquam
760 1101 812 1153 est
833 1098 932 1163 astro,
954 1111 1060 1174 neque
1083 1089 1117 1152 in
1139 1110 1234 1153 omne
1273 1103 1333 1169 305

215 1192 302 1257 unde
325 1200 434 1257 coorta
455 1201 555 1277 queat
578 1215 662 1257 nova
684 1193 733 1257 vis
755 1194 941 1277 inrumpere
964 1204 997 1258 et
1021 1215 1149 1257 omnem

216 1305 367 1361 naturam
389 1319 498 1361 rerum
520 1306 647 1389 mutare
670 1305 704 1361 et
727 1305 852 1361 vertere
876 1276 1012 1393 mutual

260 1400 348 1465 Illud
369 1400 406 1465 in
427 1401 479 1465 his
501 1401 598 1464 rebus
620 1423 684 1465 non
707 1410 757 1464 est
780 1400 938 1477 mirabile,
960 1422 1067 1486 quare,

217 1503 326 1568 omnia
347 1526 422 1569 cum
444 1525 552 1568 rerum
575 1504 750 1589 primordia
772 1505 840 1568 sint
863 1504 897 1567 in
921 1513 1022 1578 motu,

216 1628 344 1670 summa
367 1615 477 1671 tamen
499 1628 628 1670 summa
650 1606 800 1672 videatur
821 1617 908 1672 stare
931 1606 1049 1691 quiete,
1277 1619 1340 1684 310

216 1718 444 1797 praeterquam
466 1709 574 1795 siquid
598 1710 725 1795 proprio
747 1710 805 1774 dat
827 1732 958 1795 corpore
981 1677 1118 1805 motusl

219 1813 325 1877 omnis
347 1813 435 1877 enim
458 1812 552 1898 longe
575 1813 694 1878 nostris
716 1812 758 1877 ab
780 1813 929 1878 sensibus
951 1813 1035 1876 infra

220 1916 399 2000 primorum
421 1924 539 1979 natura
561 1914 663 1980 iacet:
694 1925 898 2001 quapropter,
923 1916 979 1980 ubi
1001 1916 1071 2001 ipsa

219 2041 349 2084 cernere
371 2019 437 2083 iam
460 2040 611 2104 nequeas,
635 2028 743 2083 motus
766 2041 895 2105 quoque
918 2041 1050 2104 surpere
1073 2017 1211 2106 debent3

219 2121 410 2206 praesertim
433 2143 516 2197 cum,
540 2143 624 2206 quae
647 2121 807 2207 possimus
830 2143 969 2198 cernere,
993 2122 1099 2186 celent
1279 2136 1338 2201 315

219 2247 315 2310 saepe
338 2234 449 2291 tamen
472 2237 581 2291 motus
603 2227 709 2311 spatio
731 2226 865 2291 diducta
889 2226 1037 2291 locorum.

151 2331 154 2338 ’
219 2352 294 2393 nam
317 2351 413 2415 saepe
435 2331 470 2394 in
492 2330 566 2394 colli
589 2331 762 2395 tondentes
785 2331 906 2416 pabula
930 2331 1016 2395 laeta
1062 2311 1079 2335 s

220 2433 382 2519 lanigerae
405 2441 537 2518 reptant
559 2434 700 2518 pecudes
722 2455 786 2519 quo
809 2455 967 2519 quamque
989 2441 1139 2497 vocantes

220 2535 364 2602 invitant
386 2536 505 2602 herbae
527 2547 730 2621 gemmantes
752 2561 824 2603 rore
846 2538 978 2614 recenti,

221 2650 255 2706 et
277 2642 390 2707 satiati
411 2643 489 2729 agni
511 2641 630 2707 ludunt
653 2642 836 2728 blandeque
859 2650 1047 2720 coruscant3
1280 2655 1343 2719 320

222 2744 331 2808 omnia
353 2766 436 2830 quae
458 2744 552 2809 nobis
574 2745 667 2829 longe
690 2746 823 2809 confusa
844 2745 997 2810 videntur

222 2857 256 2913 et
281 2849 373 2913 velut
395 2849 431 2912 in
453 2849 550 2912 viridi
572 2848 691 2913 candor
713 2849 887 2914 consistere
911 2832 1010 2941 collil

222 2962 392 3038 praeterea
413 2975 552 3040 magnae
575 2952 717 3039 legiones
740 2975 814 3018 cum
837 2953 907 3018 loca
929 2975 1024 3018 cursu
1048 2999 1050 3003 ψ

175 3074 178 3080 “
222 3077 409 3140 camporum
431 3057 595 3141 complent
620 3055 696 3120 belli
710 3056 889 3122 ¹simulacra
910 3057 1039 3131 cientes,

223 3159 330 3246 fulgor
351 3159 398 3223 ibi
420 3159 461 3223 ad
483 3161 609 3225 caelum
632 3182 666 3225 se
689 3159 776 3225 tollit
799 3169 934 3246 totaque
955 3161 1075 3224 circum
1282 3168 1341 3239 325

224 3284 297 3326 aere
320 3261 494 3326 renidescit
517 3262 615 3326 tellus
637 3273 813 3348 supterque
837 3263 942 3326 virum
965 3264 998 3326 vi

172 3371 173 3374 ’
224 3365 351 3430 excitur
374 3365 510 3449 pedibus
533 3366 660 3431 sonitus
682 3366 887 3453 clamoreque
910 3376 1037 3430 montes

137 3621 174 3661 est
185 3610 248 3660 read
260 3612 301 3660 hir
312 3617 403 3668 auum,
415 3616 444 3656 nt
451 3609 507 3671 fuit
520 3617 580 3668 tum,
593 3616 638 3659 est.
742 3612 788 3659 301
800 3613 877 3673 vique
889 3612 1015 3659 valebam.
1051 3611 1126 3671 inque
1137 3607 1255 3656 nubtum
1267 3603 1341 3653 Pont.

139 3693 204 3745 Mar.
218 3692 276 3742 Ald.
289 3693 303 3740 l
316 3691 390 3743 dunt.
405 3692 473 3754 vulg.
486 3690 543 3740 ‘vix
554 3691 650 3741 latine’
662 3707 722 3754 says
733 3691 813 3741 Lech.
941 3693 988 3741 305
998 3699 1069 3741 astra
1080 3689 1162 3740 added
1173 3688 1207 3751 by
1218 3687 1268 3736 Ed.
1280 3686 1347 3735 alter

138 3777 333 3838 quicquamst,
350 3773 379 3822 in
396 3772 481 3822 which
499 3772 520 3822 it
537 3787 588 3822 was
605 3773 741 3823 absorbed:
759 3773 804 3823 the
821 3778 942 3823 sentence
958 3773 1071 3834 requires
1085 3771 1150 3821 this:
1167 3784 1252 3833 comp.
1267 3784 1283 3816 v
1298 3767 1346 3816 361

138 3857 191 3908 and
203 3871 213 3919 ι
225 3857 282 3914 963,
295 3856 347 3906 and
357 3855 447 3908 (lamb.
461 3856 553 3905 Journ.
566 3842 673 3919 olphil.
685 3871 696 3904 1
707 3871 731 3919 p.
747 3859 804 3908 375.
838 3857 920 3906 Lach.
932 3855 997 3906 adds
1008 3870 1115 3904 seorsum
1126 3857 1153 3904 at
1165 3852 1216 3902 end
1228 3851 1257 3902 of
1267 3863 1345 3900 verae.

137 3924 216 4002 neque
227 3953 313 3988 uersus
325 3939 354 3986 io
364 3952 433 3987 omne
446 3936 511 3985 Mar.
524 3936 582 3986 Ald.
596 3938 610 3985 1
622 3937 696 3988 dunt.
709 3939 776 4000 vulg.
870 3940 919 3987 313
930 3940 987 4000 ipra
999 3936 1051 3986 Gir.
1064 3937 1104 3985 lor
1115 3937 1204 3999 ipsum.
1298 3932 1346 3999 314

126 4005 128 4010 ’
139 4033 239 4082 surpere
251 4018 327 4068 Pont.
339 4017 414 4067 dunt.
427 4017 467 4066 lor
478 4032 603 4080 usurpare.
703 4020 751 4067 322
762 4021 802 4068 vel
811 4026 841 4068 ut
852 4021 882 4067 in
891 4018 970 4067 Lacb.
985 4017 1082 4080 rightly
1092 4018 1132 4065 for
1142 4017 1222 4066 veluti
1233 4017 1262 4063 in
1273 4013 1302 4063 ol
1312 4012 1347 4061 all

137 4115 201 4151 mss.
213 4100 267 4152 and
277 4100 344 4151 eda:
361 4115 424 4150 msa.
436 4115 505 4150 seem
517 4104 545 4149 to
557 4099 624 4150 hare
634 4115 651 4150 a
663 4101 790 4163 tendency
800 4106 828 4150 to
844 4100 898 4151 this
914 4099 1036 4149 blunder:
1054 4099 1102 4149 780
1116 4101 1157 4147 uti·
1170 4100 1201 4147 in
1212 4097 1252 4146 for
1262 4103 1291 4145 ut
1302 4097 1345 4151 in;

139 4184 220 4235 above
235 4199 258 4235 v.
270 4184 303 4234 86
310 4186 346 4248 fit
357 4185 397 4234 uti
413 4184 453 4232 lor
460 4185 496 4246 fit
511 4189 558 4244 αις
576 4183 762 4246 Virg.Aen.1v
778 4184 826 4232 402
841 4185 922 4232 veluti
937 4184 1061 4244 irruentem
1076 4180 1166 4238 Mac,
1182 4179 1252 4228 velut
1267 4177 1287 4225 P
1301 4175 1346 4238 pb

140 4265 250 4329 rightly;
262 4280 289 4315 vr
301 4266 349 4318 708
360 4268 441 4316 veluti
451 4268 481 4315 in
492 4255 575 4323 FGM,
588 4267 657 4314 velut
668 4268 698 4315 in
708 4265 729 4314 P
739 4269 787 4315 eto.
801 4279 844 4327 ap.
857 4264 986 4314 Ribbeck:
999 4266 1038 4313 rui
1049 4263 1072 4311 is
1082 4276 1158 4312 never
1169 4259 1251 4310 found
1262 4259 1348 4308 before

49 4368 55 4378 ‘
139 4349 259 4399 avowel:
277 4363 318 4400 see
329 4349 384 4398 also
397 4348 445 4399 536
456 4347 508 4398 and
518 4348 600 4398 Lach.
612 4346 690 4398 there.
793 4349 841 4397 325
853 4349 891 4396 iti
903 4347 968 4395 Mar.
980 4345 1036 4396 Ala
1052 4344 1150 4394 lJunt.
1163 4343 1203 4392 for
1213 4342 1264 4392 udi.
