3008 4800
641 234 644 238 “
741 212 792 277 IV

256 396 333 459 prae
356 374 476 454 macie3
506 375 641 440 rhadine
664 383 769 439 verost
792 374 857 438 iam
881 382 1008 468 mortua
1029 373 1119 438 tussi.

255 480 291 536 at
314 473 443 537 tumida
464 482 499 538 et
521 496 699 538 mammosa
722 473 820 540 Ceres
841 481 892 538 est
914 473 985 560 ipsa
1005 472 1047 536 ab
1071 471 1194 547 Iaccho,

255 574 375 639 simula
396 576 508 641 Silena
530 600 567 640 ac
589 584 739 652 saturast,
762 576 889 640 labeosa
910 551 1080 682 philemal

255 686 363 742 cetera
384 678 425 742 de
447 702 565 765 genere
589 680 648 743 hoc
671 679 803 765 longum
825 687 876 744 est
897 679 926 742 si
947 679 1052 742 dicere
1074 699 1175 742 coner.
1289 691 1372 754 1170

256 781 312 844 sed
335 789 447 846 tamen
470 791 539 847 esto
562 783 628 846 iam
650 782 824 866 quantovis
845 782 909 846 oris
931 781 1057 857 honore,

255 884 308 947 cui
332 884 469 950 Veneris
490 885 646 950 membris
670 886 717 949 vis
739 885 889 950 omnibus
911 885 1088 949 exoriatur:

256 1008 375 1072 nempe
398 987 481 1051 aliae
503 1009 632 1072 quoque
654 994 749 1065 sunt;
778 1008 896 1072 nempe
919 986 980 1050 hac
1002 986 1070 1050 sine
1093 984 1234 1049 viximus
1256 995 1352 1062 ante;

256 1115 374 1178 nempe
396 1091 511 1155 eadem
533 1089 619 1165 facit,
643 1099 677 1154 et
698 1091 817 1154 scimus
839 1091 951 1166 facere,
973 1089 1081 1152 omnia
1102 1086 1200 1172 turpi,

230 1224 232 1229 ·
256 1203 292 1258 et
314 1194 465 1258 miseram
488 1192 603 1258 taetris
625 1214 659 1256 se
681 1192 769 1256 suffit
790 1187 941 1275 odoribus
962 1190 1033 1276 ipsa
1291 1203 1370 1268 1175

257 1320 355 1383 quam
379 1298 520 1362 famulae
544 1297 638 1382 longe
661 1296 805 1383 fugitant
827 1295 1006 1380 furtimque
1028 1294 1228 1359 cachinnant.

257 1409 292 1465 at
312 1401 487 1465 'lacrimans
509 1399 658 1464 exclusus
679 1406 805 1463 amator
826 1398 940 1462 limina
962 1419 1079 1483 saepe

258 1504 391 1569 floribus
413 1512 452 1572 et
471 1502 567 1567 sertis
590 1502 695 1588 operit
716 1501 882 1588 postisme
904 1501 1058 1587 superbos

259 1608 378 1695 unguit
400 1607 583 1672 amaracino
605 1615 640 1672 et
663 1607 784 1671 foribus
806 1605 904 1671 miser
925 1606 1032 1670 oscula
1055 1604 1145 1691 figit;

259 1733 356 1796 quem
379 1711 415 1788 si,
437 1712 503 1775 iam
526 1710 725 1788 ammissum,
749 1709 934 1774 venientem
957 1708 1126 1774 offenderit
1148 1730 1227 1772 aura

260 1837 327 1878 una
348 1815 452 1891 modo,
474 1836 587 1879 causas
609 1815 751 1879 abeundi
773 1821 907 1899 quaerat
929 1813 1087 1888 honestas,

261 1926 296 1981 et
318 1917 480 2007 meditata
500 1918 557 1981 diu
580 1917 676 1982 cadat
698 1917 764 1981 alte
785 1924 917 2003 sumpta
938 1916 1088 2001 querella,

258 2021 467 2107 stultitiaque
488 2020 536 2086 ibi
557 2042 592 2085 se
614 2020 755 2097 damnet,
777 2019 930 2084 tribuisse
951 2020 1036 2105 quod
1058 2018 1106 2083 illi

259 2123 334 2207 plus
357 2123 467 2189 videat
490 2145 588 2208 quam
611 2123 740 2186 mortali
762 2122 935 2187 concedere
958 2144 1016 2208 par
1038 2132 1094 2187 est.
1188 2176 1191 2182 .

170 2209 175 2218 ¹
214 2244 216 2248 ’
261 2249 320 2290 nec
342 2227 486 2291 Veneres
508 2234 633 2291 nostras
655 2226 716 2291 hoc
738 2226 840 2306 fallit;
870 2248 934 2311 quo
955 2224 1059 2312 magis
1080 2225 1170 2311 ipsae

260 2328 370 2392 omnia
390 2351 517 2394 summo
540 2352 636 2415 opere
659 2330 717 2394 hos
739 2329 826 2394 vitae
848 2328 1017 2414 poscaenia
1039 2329 1145 2393 celant

262 2453 341 2516 quos
361 2432 504 2496 retinere
526 2433 641 2508 volunt
664 2431 899 2515 adstrictosque
921 2453 990 2495 esse
1012 2431 1047 2495 in
1069 2453 1185 2506 amore,

261 2534 468 2620 nequiquam,
491 2534 644 2619 quoniam
667 2543 705 2599 tu
728 2533 835 2598 animo
857 2542 969 2598 tamen
990 2536 1097 2597 omnia
1119 2534 1219 2618 possis

262 2637 449 2721 protrahere
472 2638 507 2701 in
529 2637 635 2702 lucem
657 2645 757 2722 atque
779 2636 883 2701 omnis
905 2636 1067 2722 inquirere
1089 2637 1171 2701 risus

261 2752 303 2817 et,
326 2743 355 2806 si
376 2742 461 2806 bello
484 2743 625 2807 animost
648 2751 682 2807 et
704 2765 768 2807 non
790 2744 907 2826 odiosa,
931 2742 1070 2806 vicissim

259 2847 523 2929 praetermittere
544 2855 573 2911 et
596 2846 746 2911 humanis
769 2847 943 2912 concedere
965 2833 1087 2947 rebus!

306 2949 377 3013 Nec
401 2949 518 3014 mulier
539 2972 667 3035 semper
688 2950 763 3040 ficto
786 2950 927 3035 suspirat
948 2973 1055 3015 amore

263 3074 347 3137 quae
369 3056 525 3140 conplexa
547 3053 609 3118 viri
631 3077 745 3140 corpus
767 3077 841 3119 cum
863 3077 993 3140 corpore
1016 3055 1122 3142 iungit

264 3165 298 3220 et
321 3154 413 3222 tenet
435 3157 578 3249 adsuctis
601 3145 768 3223 umectans
790 3158 898 3223 oscula
920 3126 1038 3240 labrisl

264 3282 340 3322 nam
363 3261 442 3324 facit
464 3283 504 3325 ex
526 3262 634 3326 animo
656 3284 752 3350 saepe
774 3270 809 3326 et
831 3263 1014 3328 communia
1036 3285 1191 3348 quaerens

264 3362 384 3447 gaudia
406 3363 560 3428 sollicitat
582 3365 725 3449 spatium
748 3365 916 3429 decurrere
938 3346 1075 3462 amoris!
1143 3444 1148 3456 ἱ

266 3488 326 3529 nec
348 3467 473 3531 ratione
496 3466 561 3531 alia
584 3468 727 3532 volucres
748 3476 896 3532 armenta
919 3467 1067 3553 feraeque

230 3694 294 3744 1168
305 3697 339 3744 Ar
351 3697 448 3744 tumida
460 3695 538 3745 Bern.
551 3696 591 3744 lor
601 3699 635 3745 Ar
646 3699 756 3745 iamiar:
773 3695 828 3745 this
839 3696 853 3744 1
864 3694 916 3744 had
927 3695 1023 3758 myself
1032 3710 1092 3745 seen
1104 3711 1183 3759 many
1193 3712 1268 3759 years
1283 3713 1331 3760 ago
1347 3714 1382 3748 on

181 3777 332 3839 comparing
344 3776 464 3825 0111111
476 3778 566 3836 11661,
578 3777 661 3827 where
671 3777 705 3826 he
716 3778 740 3827 is
750 3778 883 3841 imitating
892 3779 968 3827 Lacr.
992 3782 1025 3827 At
1033 3781 1124 3828 Lamia
1136 3781 1229 3828 Arane.
1245 3779 1325 3829 Lach.
1348 3785 1382 3830 Ar

180 3869 280 3924 semina
291 3863 382 3912 Lambl
395 3865 463 3926 vulg.
532 3866 596 3915 1174
608 3867 677 3927 turpi
688 3866 796 3927 Nauger.
812 3866 852 3914 lor
863 3868 952 3929 turpia.
1021 3867 1082 3916 1116
1094 3869 1162 3928 torpe
1171 3867 1239 3915 Flor.
1250 3868 1280 3916 31
1293 3867 1381 3917 Comb.

182 3943 222 3993 for
234 3936 318 4006 lanais
378 3945 442 3995 1180
454 3947 506 3994 iam
517 3948 661 3994 ammissum
673 3945 826 4011 (admissum)
839 3947 930 3998 Lamh.
943 3947 982 3996 ior
994 3950 1045 3996 iam
1056 3951 1163 3996 arissam.
1201 3951 1253 3997 iam
1264 3953 1383 3999 ammissa

182 4025 263 4074 Lach.
275 4028 328 4075 iam
340 4029 411 4075 iussa
422 4026 500 4076 Bern.
522 4029 575 4075 iam
586 4029 722 4076 immissam
734 4027 798 4076 Mar.
811 4027 867 4078 Ala
883 4029 982 4078 liunt.
1009 4032 1153 4077 venientem.
1187 4033 1287 4078 veniens
1298 4030 1382 4082 Aldl

182 4108 255 4159 Junt.
270 4109 355 4160 Bentl.
441 4111 504 4158 1182
522 4108 843 4162 cadatLamb.lorcadet.
922 4110 993 4158 ’1183
1010 4111 1137 4160 Stultitia.
1172 4114 1305 4162 Stultitiae
1317 4113 1382 4163 Mar.

180 4191 238 4240 Ald.
257 4193 271 4239 1
288 4192 362 4242 Junt.
382 4191 462 4243 Lech.
572 4194 636 4242 1188
649 4193 731 4256 possis
748 4192 813 4242 Mar.
833 4192 906 4242 Junt.
926 4191 966 4241 for
978 4208 1070 4255 posses.
1177 4194 1239 4244 1189
1256 4197 1384 4258 inquirere

178 4274 252 4322 visua
289 4273 474 4324 inarasPont.
487 4274 560 4323 Junt.
596 4276 663 4323 iussa
680 4274 745 4322 Mar.
761 4273 895 4323 Candidus
909 4277 937 4323 at
950 4273 1001 4322 end
1016 4273 1044 4322 ol
1058 4274 1130 4323 Junt.
1164 4278 1383 4338 acquirerentur

178 4350 269 4400 Lamb.
288 4352 383 4402 Creech
399 4358 446 4403 etc.
597 4355 659 4405 1191
678 4362 701 4403 11
718 4352 801 4402 added
816 4353 851 4416 by
867 4353 933 4403 Mar.
950 4353 1028 4404 Irach.
1064 4356 1250 4415 Praetermittet
1267 4366 1289 4406 te
1306 4358 1381 4408 Junt.
