3008 4800
744 193 793 256 VI

250 359 284 416 et
306 352 425 439 quibus
446 353 558 418 efflant
580 353 684 418 causis
705 363 840 440 apparet
862 355 973 442 origo;

249 455 348 519 ianua
368 479 409 520 ne
432 456 513 520 forte
536 456 586 520 his
609 457 684 522 Oroi
706 457 891 544 regionibus
913 480 983 523 esse

250 559 408 637 credatur,
428 569 502 646 post
525 560 600 625 hino
622 561 746 626 animas
768 562 964 627 Acheruntis
987 563 1019 627 in
1043 586 1113 628 oras

250 662 366 726 ducere
389 663 470 728 torte
494 663 570 728 deos
592 663 696 726 manis
717 664 841 728 inferne
864 687 1000 740 reamur,

251 766 383 830 naribus
404 768 547 854 alipedes
570 775 608 832 ut
630 768 716 832 cervi
736 790 833 853 saepe
855 777 1015 854 putantur

251 869 367 933 ducere
390 870 430 934 de
452 870 585 935 latebris
607 870 769 954 serpentia
791 871 896 935 saecla
919 873 1065 936 ferarum

249 972 336 1055 quod
358 974 469 1057 procul
490 995 511 1036 a
532 995 607 1038 vera
629 994 726 1058 quam
748 974 792 1038 sit
813 975 938 1039 ratione
959 975 1125 1061 repulsum

251 1075 397 1162 pereipe3
426 1098 501 1140 nam
525 1077 622 1141 dere
645 1099 731 1140 nuno
753 1077 824 1162 ipsa
844 1077 951 1143 dicere
972 1054 1088 1167 conoul

268 1247 270 1252 ,
294 1178 455 1262 Principio
477 1180 537 1243 hoc
559 1179 638 1256 dion,
660 1180 746 1264 quod
767 1179 836 1244 dixi
858 1202 954 1266 saepe
977 1204 1104 1268 quoque
1127 1191 1213 1259 ante,

250 1281 286 1344 in
308 1289 393 1345 terra
414 1281 570 1367 cuiusque
592 1282 680 1346 modi
701 1304 809 1346 rerum
831 1305 900 1347 esse
922 1283 1061 1369 figuras3

252 1383 366 1460 multa,
387 1383 459 1447 oibo
482 1405 564 1469 quae
586 1392 673 1462 sunt,
694 1384 815 1461 vitalia
837 1386 1015 1471 multaque,
1037 1388 1163 1451 morbos

252 1485 398 1549 incutere
420 1493 454 1549 et
477 1492 614 1549 mortem
637 1507 719 1571 quae
741 1485 866 1571 possint
886 1466 1086 1584 adcelerare}

251 1599 286 1654 et
307 1589 411 1676 magis
434 1611 502 1653 esse
525 1588 597 1653 aliis
618 1589 697 1654 alias
719 1590 940 1656 animantibus
961 1599 1054 1676 aptas

251 1714 302 1757 res
323 1692 366 1756 ad
387 1692 469 1756 vitai
490 1693 649 1758 rationem
671 1695 872 1760 ostendimus
895 1703 972 1760 ente

251 1804 382 1881 propter
404 1795 593 1860 dissimilem
615 1805 766 1861 naturam
787 1797 1016 1884 dissimilisque

253 1909 398 1965 texturas
420 1900 507 1964 inter
528 1922 597 1964 sese
619 1900 802 1986 primasque
824 1891 967 1998 figuras}

252 2004 358 2068 multa
378 2011 489 2069 meant
510 2003 642 2068 inimica
663 2025 719 2090 per
740 2003 837 2081 auris,
860 2005 966 2067 multa
987 2024 1045 2089 per
1066 2002 1151 2088 ipsas

252 2107 419 2173 insinuant
441 2108 528 2172 naris
549 2108 668 2173 infesta
690 2116 789 2194 atque
810 2131 924 2193 aspera
945 2108 1043 2184 iactu,

253 2234 312 2276 neo
334 2220 412 2276 sunt
434 2212 540 2276 multa
561 2234 674 2297 parum
699 2220 790 2276 tactu
813 2213 948 2277 vitanda
968 2232 1074 2297 neque
1096 2220 1206 2275 autem

253 2323 388 2400 aspectu
408 2315 562 2402 fugienda
583 2337 758 2400 saporeque
780 2315 888 2380 tristia
909 2337 992 2401 quae
1015 2288 1099 2404 sinti

298 2418 426 2482 Deinde
448 2418 557 2482 videre
580 2418 656 2482 lioet
678 2440 775 2504 quam
798 2420 921 2482 multae
943 2418 1009 2483 sint
1032 2418 1154 2484 homini
1176 2441 1226 2483 res

253 2521 371 2585 aeriter
392 2521 509 2586 infesto
531 2542 626 2585 sensu
649 2542 846 2605 spurcaeque
869 2542 1064 2606 gravesque;

253 2622 419 2687 arboribus
441 2622 582 2709 primurn
604 2622 700 2687 certis
722 2622 828 2710 gravis
851 2623 967 2687 umbra
988 2623 1113 2687 tributa

256 2727 469 2812 usqueadeo,
491 2727 607 2812 eapitis
630 2727 749 2790 faciant
771 2735 811 2790 ut
832 2749 928 2812 saepe
951 2727 1082 2802 dolores,

253 2832 353 2916 siquis
376 2854 430 2903 eas
452 2840 564 2918 supter
585 2831 686 2896 iacuit
708 2840 887 2916 prostratus
908 2831 942 2896 in
966 2812 1103 2920 herbisl

253 2946 303 3002 est
326 2936 424 3002 etiem
447 2936 574 3022 magnis
597 2936 762 3000 Heliconis
784 2935 950 3001 montibus
972 2935 1064 2999 arbos

169 3209 298 3256 structure
309 3206 338 3256 of
353 3206 398 3256 the
409 3209 530 3256 sentence
541 3205 636 3269 calling
651 3207 690 3255 lor
701 3222 717 3257 a
729 3206 898 3269 subjunotive.
965 3208 1012 3259 761
1024 3210 1107 3270 effioot
1118 3207 1201 3256 causis
1210 3206 1291 3256 Iaoh.
1304 3205 1371 3257 lore

160 3290 230 3352 fiant
248 3291 344 3337 cauria:
368 3287 479 3350 perhaps
498 3291 598 3352 ecflant.
631 3292 746 3339 acaurio
761 3292 831 3354 fiant
850 3290 919 3340 Flor.
939 3292 971 3340 81
991 3289 1080 3340 (lamb.
1102 3292 1118 3338 3
1140 3289 1199 3339 Vat.
1217 3289 1282 3338 Mar.
1299 3290 1371 3352 vulg.

168 3369 265 3434 rightly
276 3371 395 3434 perhaps.
542 3365 589 3423 767
600 3374 706 3435 neforto
718 3375 757 3422 bia
768 3373 818 3422 Ed.
830 3374 870 3422 ior
880 3389 911 3423 ne
920 3377 1011 3436 poteir.
1045 3389 1075 3422 aa
1084 3375 1155 3435 potis
1166 3373 1187 3421 A
1198 3387 1263 3423 oorr.
1278 3372 1350 3425 Nioo.
1361 3388 1369 3424 :

170 3455 281 3517 perhaps
297 3458 320 3503 is
337 3453 431 3504 should
447 3454 479 3504 be
495 3453 618 3503 retained.
648 3458 733 3519 puteis
750 3456 861 3507 Turneb.
896 3457 985 3506 Puteir
1001 3455 1081 3505 Laeh.
1098 3455 1147 3505 ie.
1164 3454 1330 3505 Puteolanis:
1353 3470 1371 3505 a

170 3537 243 3598 quite
258 3534 430 3598 unexampled
445 3537 520 3593 form,
537 3535 590 3585 and
604 3527 656 3585 not'
668 3537 681 3585 I
693 3536 769 3585 think
781 3536 864 3586 suited
880 3541 907 3586 to
919 3537 964 3586 the
975 3540 1087 3587 context.
1120 3552 1150 3586 ne
1159 3539 1243 3598 potius
1255 3536 1325 3586 Flor.
1336 3538 1370 3586 31

169 3618 257 3667 Csmb.
270 3619 285 3665 2
298 3617 356 3666 Vat.
369 3618 432 3667 Mar.
444 3620 506 3667 eto:
523 3617 604 3666 henos
616 3618 707 3667 Lamb.
719 3635 749 3668 ne
761 3621 800 3668 bis
814 3621 873 3668 Orci
881 3622 975 3681 potius.
1008 3634 1039 3667 tte
1047 3620 1133 3681 posita
1144 3619 1195 3667 biis
1205 3616 1279 3666 Wak.

203 3700 251 3753 763
260 3709 317 3763 post
327 3701 393 3749 bino.
425 3707 507 3761 posta,
519 3701 578 3749 tine
590 3698 655 3748 Mar.
667 3699 740 3748 Junt.
753 3701 844 3750 hamb.
859 3704 907 3750 eto.
1060 3699 1108 3750 764
1120 3701 1215 3761 inserite
1225 3696 1318 3748 Lamb.
1330 3697 1372 3748 for

169 3784 279 3845 inferna.
411 3782 460 3833 768
471 3797 529 3830 nam
540 3785 570 3831 de
582 3797 608 3831 re
619 3796 685 3830 nune
696 3786 753 3844 ipra
764 3783 794 3830 Β.
829 3785 858 3832 de
869 3798 896 3832 re
908 3797 958 3832 om.
973 3781 1009 3832 A:
1027 3782 1109 3831 henos
1121 3781 1230 3831 omitted
1241 3795 1271 3830 or
1281 3782 1368 3830 trans·

169 3863 248 3926 posed
259 3862 288 3912 in
298 3864 363 3912 later
374 3878 436 3912 mss.
470 3878 575 3924 nomque
586 3866 643 3925 ipsa
654 3865 684 3911 de
695 3879 722 3912 re
734 3865 801 3925 vulg.
903 3865 950 3916 771
963 3866 1017 3914 cibo
1029 3878 1093 3926 quoe
1105 3869 1164 3913 suot
1176 3861 1248 3914 Wak.
1260 3861 1318 3912 first
1328 3861 1371 3911 lor

168 3948 223 3995 cito
234 3961 295 4008 eque
305 3953 372 3996 aunt.
408 3946 502 3995 homini
513 3961 577 4008 quae
587 3952 646 3994 sant
657 3944 748 3995 hamb.
760 3949 809 3995 eto.
940 3948 987 3997 777
999 3948 1069 3994 auris
1081 3945 1146 3993 Mar.
1159 3943 1220 4007 (aon.
1233 3946 1261 3992 to
1271 3941 1371 3993 Viotor.

170 4027 217 4077 but
228 4031 275 4077 not
285 4026 315 4076 in
326 4031 387 4088 ms.)
398 4027 455 4078 Ald.
471 4029 485 4075 1
496 4028 571 4076 tunt.
583 4028 622 4077 for
632 4043 718 4077 auras.
829 4029 876 4079 778
888 4043 979 4090 aspero
989 4029 1060 4076 iacta
1071 4026 1120 4077 lid
1133 4026 1174 4076 tor
1184 4039 1274 4088 aspera
1285 4032 1370 4075 tacta:

171 4112 260 4170 tacere,
275 4111 387 4159 adiectus
404 4124 448 4159 are
464 4108 585 4172 speeinlly
596 4109 653 4158 said
670 4109 698 4159 of
713 4109 795 4167 emeli,
813 4124 842 4158 as
858 4124 880 4158 11
897 4110 945 4159 846
962 4124 989 4158 rv
1007 4108 1069 4159 673:
1087 4123 1170 4170 eomp.
1184 4108 1240 4157 also
1256 4121 1278 4155 11
1295 4106 1370 4157 1047.

171 4192 255 4244 Bentl.
269 4191 374 4242 defends
390 4199 467 4250 tactu,
482 4192 592 4254 perhaps
608 4191 712 4254 rightly.
745 4207 835 4254 aspera
850 4194 945 4242 adactu
958 4191 1051 4241 Lech:
1070 4191 1116 4240 but
1133 4193 1226 4240 adactu
1240 4186 1343 4251 implies
1354 4203 1372 4240 a

171 4275 268 4324 violent
279 4274 366 4324 thrust
377 4288 406 4324 or
415 4274 498 4333 affort,
511 4289 539 4324 as
550 4274 577 4323 ot
587 4288 603 4323 a
615 4288 726 4336 weapon,
741 4273 850 4323 atooth.
883 4276 956 4324 odore
967 4274 1058 4324 hamb.
1071 4275 1110 4325 ed.
1125 4275 1140 4321 2
1151 4272 1204 4324 and
1215 4274 1239 4322 3.

204 4360 252 4409 780
264 4361 351 4409 tristia
361 4357 431 4406 uror.
443 4358 474 4407 31
486 4357 575 4407 camb.
588 4358 659 4408 Mon.
671 4357 730 4406 Ver.
742 4357 807 4407 Van.
820 4357 860 4408 lor
871 4361 989 4408 tristitia.
1088 4360 1136 4408 788
1146 4358 1202 4407 ideo
1215 4357 1288 4406 terris
1304 4353 1373 4405 Mur.
