3008 4800
730 231 780 294 VI

154 421 157 432 r
227 395 360 458 rarescit
383 396 461 480 quia
484 403 570 459 terra
592 395 696 458 calore
720 401 755 457 et
777 394 904 458 semino
926 391 1036 476 siquae

227 496 309 562 forte
332 498 458 582 vaporis
481 499 590 574 habet,
612 520 747 583 propere
771 497 914 561 dimittit
936 497 968 559 in
992 462 1110 584 acrasi

228 622 291 684 quo
314 602 419 687 magis
442 610 491 666 est
514 602 617 685 igitur
640 602 738 665 tellus
761 601 860 665 effeta
883 601 994 674 calore,

228 703 266 767 fit
290 727 418 790 quoque
441 705 586 790 frigidior
609 705 665 790 qui
688 706 722 769 in
747 713 865 769 terrast
888 703 1018 767 abditus
1041 660 1162 806 umor]

123 889 125 892 ι
228 809 345 894 frigore
368 833 444 873 cum
467 810 627 895 premitur
649 831 742 895 porro
765 809 869 872 omnis
893 815 978 872 terre
1000 807 1127 890 coitque

156 932 165 968 τ’
229 919 263 975 et
286 913 378 997 quasi
401 913 585 989 concrescit,
608 913 647 977 fit
669 912 794 976 scilicet
816 919 855 975 ut
879 909 1022 974 coeundo

230 1014 393 1098 exprimat
415 1015 451 1078 in
473 1023 590 1100 puteos
613 1015 739 1099 siquem
763 1014 849 1101 gerit
872 1015 943 1099 ipsa
964 979 1126 1085 caloremi

274 1117 353 1180 Esse
374 1116 463 1202 apud
487 1117 680 1182 Hammonis
703 1119 815 1181 fanum
838 1117 909 1181 fons
932 1118 1001 1180 luce
1024 1114 1140 1179 diurna

230 1217 367 1304 frigidus
390 1228 424 1284 et
447 1220 571 1285 calidus
593 1229 752 1285 nocturno
775 1228 921 1305 tempore
944 1188 1070 1330 ferturi

231 1320 317 1384 hunc
340 1321 487 1387 homines
510 1324 634 1388 fontem
656 1323 755 1387 nimis
778 1323 981 1387 admirantur
1002 1331 1036 1386 et
1058 1320 1124 1385 acri

231 1425 297 1490 sole
320 1435 440 1511 putant
463 1436 576 1512 supter
598 1436 700 1492 terras
723 1429 899 1492 fervescere
921 1426 1049 1511 raptim,

231 1533 295 1592 nox
318 1530 376 1594 ubi
400 1530 538 1595 remur
561 1539 662 1595 terras
685 1530 824 1618 ealigine
847 1497 952 1622 sextil

231 1631 318 1715 quod
340 1632 439 1697 nimis
461 1654 481 1695 a
502 1641 611 1697 verast
633 1633 728 1720 longe
752 1633 878 1696 ratione
900 1593 1080 1720 remotumi

231 1733 353 1819 quippe
376 1735 434 1798 ubi
456 1736 502 1799 sol
525 1736 651 1801 nudum
674 1744 880 1802 contractans
902 1757 1017 1819 corpus
1038 1731 1134 1818 aquai

232 1859 296 1900 non
319 1839 440 1923 quierit
462 1840 603 1905 calidum
627 1863 744 1926 supera
767 1841 808 1905 de
830 1838 963 1904 reddere
986 1845 1086 1923 parte,

149 2003 151 2007 ,
233 1962 306 2005 cum
330 1965 482 2027 superum
508 1943 620 2008 lumen
642 1951 736 2008 tanto
760 1943 1040 2018 fervorefruatur,

232 2044 289 2129 qui
312 2055 412 2130 queat
435 2048 487 2112 hio
509 2056 623 2132 supter
644 2057 713 2113 tam
736 2070 841 2113 crasso
864 2069 992 2132 corpore
1015 2055 1135 2110 terram

233 2169 429 2233 percoquere
453 2173 597 2214 umorem
621 2160 656 2215 et
678 2151 783 2215 calido
806 2151 924 2215 satiare
947 2153 1085 2234 vapore?
1092 2121 1101 2241 i

233 2252 425 2335 praesertim
449 2275 524 2317 cum
547 2253 603 2316 vix
625 2254 728 2339 possit
750 2276 810 2340 per
831 2261 945 2339 saepta
966 2253 1131 2316 domorum

234 2354 402 2420 insinuare.
422 2379 519 2421 suum
542 2357 640 2422 radiis
663 2358 856 2422 ardentibus
878 2333 1026 2456 aestuml

157 2489 160 2494 ·
233 2479 317 2542 quae
340 2459 455 2523 ratiost
478 2431 616 2556 igiturli
634 2460 790 2525 nimirum
812 2468 900 2524 terra
922 2459 1025 2546 magis
1047 2457 1132 2542 quod

235 2583 307 2625 rara
329 2570 422 2647 tepet
444 2559 565 2629 circum
588 2566 712 2630 fontem
735 2588 833 2652 quam
856 2573 962 2629 cetera
984 2563 1080 2628 tellus

234 2666 406 2751 multaque
428 2677 506 2733 sunt
529 2670 614 2757 ignis
636 2692 736 2755 prope
759 2669 884 2734 semina
906 2689 1021 2753 corpus
1043 2636 1167 2761 aquai]

234 2766 294 2831 hoc
317 2770 375 2833 ubi
398 2771 538 2835 roriferis
561 2780 681 2844 terram
705 2795 768 2838 nox
790 2771 901 2836 obruit
922 2769 1052 2845 umbris,

236 2871 401 2957 extemplo
423 2874 556 2958 penitus
580 2875 724 2961 frigescit
746 2883 834 2940 terra
855 2857 1007 2965 coitquei
1291 2868 1350 2946 865

235 2971 296 3036 hac'
318 2975 444 3039 ratione
468 2977 505 3040 fir
529 2985 575 3053 ut,
598 2986 767 3064 tamquam
790 2999 971 3064 compressa
993 2998 1091 3040 manu
1114 2973 1165 3049 sit,

236 3077 398 3161 exprimat
421 3079 455 3143 in
478 3080 602 3145 fontem
625 3103 708 3166 quae
732 3081 857 3145 semina
878 3102 1016 3165 cumque
1039 3079 1138 3142 habet
1159 3075 1253 3162 ignis,

129 3172 150 3265 ’Υ
235 3201 319 3264 quae
343 3182 484 3247 calidum
507 3185 631 3249 faciunt
654 3193 758 3271 aqiiae
781 3193 908 3250 tactum
930 3193 1028 3268 atque
1050 3154 1217 3295 saporem}

237 3283 313 3349 inde
335 3285 394 3349 ubi
417 3287 463 3351 sol
486 3288 584 3353 radiis
607 3297 727 3371 terram
751 3288 890 3353 dimovit
913 3288 1044 3352 obortus

150 3487 221 3538 Nico.
360 3491 408 3540 841
420 3493 537 3541 Rarecoit
548 3493 640 3542 Lamb.
655 3494 694 3542 for
706 3495 814 3543 Arserit.
847 3495 944 3542 semina
955 3491 1022 3540 Flor.
1037 3492 1068 3539 31
1080 3488 1167 3539 (lamb.
1183 3489 1222 3538 for
1232 3490 1300 3537 remi.
1332 3488 1357 3536 ci

151 3587 215 3634 quoae
226 3573 322 3623 Avanc.
338 3578 366 3623 at
381 3574 432 3622 end
444 3575 471 3624 of
490 3575 609 3624 Catullus
623 3574 663 3624 for
674 3579 751 3639 rique
762 3575 847 3624 which
863 3576 896 3626 he
912 3575 972 3638 kept-
982 3575 1010 3623 in
1022 3573 1079 3622 Ald.
1092 3574 1106 3621 1
1118 3587 1146 3621 as
1158 3570 1202 3620 did
1217 3571 1252 3620 cll
1263 3569 1358 3619 editors

151 3653 235 3704 before
246 3654 326 3704 Lech.
411 3696 412 3699 η
459 3658 508 3706 842
521 3660 602 3719 habet,
615 3674 721 3722 propere
734 3658 804 3708 Nice.
818 3657 907 3707 Gamb.
920 3658 991 3706 Mon.
1004 3656 1061 3705 Ver.
1074 3655 1135 3706 Vera
1150 3654 1217 3716 vulg.
1230 3654 1269 3702 for
1285 3655 1359 3702 habet

148 3739 251 3798 proprie
267 3737 289 3784 B
307 3737 376 3786 Flor.
389 3740 428 3800 31,
440 3742 560 3802 propriae
578 3741 607 3790 A.
640 3743 741 3803 proprii
759 3740 835 3789 Bern.
854 3739 939 3788 whom
957 3739 969 3786 I
986 3735 1103 3786 followed
1120 3735 1148 3784 in
1164 3734 1242 3784 small
1258 3733 1297 3784 ed.
1309 3734 1359 3782 lor-

150 3819 249 3882 getting
261 3819 319 3869 thar
331 3821 414 3879 Nica,
426 3821 443 3870 i.
451 3837 472 3872 e.
488 3822 604 3884 Poggio’s
616 3838 664 3872 ms.
677 3822 706 3871 in
718 3823 752 3871 all
764 3821 913 3883 likelihood‚
928 3821 980 3870 had
987 3835 1099 3884 propere.
1273 3816 1360 3866 846111

151 3904 260 3952 coeundo
271 3903 363 3954 Lamb.
375 3905 416 3953 for
427 3907 456 3954 iu
467 3907 585 3954 coeundo.
618 3907 707 3968 inquo
719 3907 800 3954 eundo
809 3904 879 3955 Nico.
1054 3903 1101 3950 851
1113 3903 1206 3964 raptim
1216 3899 1308 3949 Iamb.
1320 3898 1360 3946 for

149 3987 255 4048 purtim.
355 3988 402 4036 857
414 3995 499 4048 supter
510 3987 595 4045 Pont,
606 3989 691 4035 subter
703 3987 769 4035 Mar.
782 3986 839 4037 Ald.
855 3985 954 4034 lJunt.
968 3985 1006 4033 for
1017 3999 1098 4045 super.
1205 3981 1359 4030 858catiore

152 4066 210 4116 Vct.
224 4068 288 4118 1954
299 4052 394 4118 Othob.
409 4068 472 4117 Pius
487 4069 515 4117 in
531 4073 614 4126 notes,
627 4067 739 4118 Turneb.
752 4067 852 4118 advers.
865 4082 926 4117 xxm
939 4069 969 4116 13
981 4067 1019 4115 for
1030 4068 1130 4115 coelare.
1165 4065 1259 4112 toliere
1270 4061 1359 4111 Gamb.

152 4148 248 4200 Arane.
285 4151 475 4201 coldareNicc.
513 4151 690 4202 sociarelllor.
705 4153 736 4200 31
749 4152 904 4202 Manlum.
940 4151 1030 4199 dooere
1043 4149 1119 4197 Bern.
1230 4143 1362 4195 eterrara

147 4233 243 4284 hamb.
259 4233 371 4282 Turneb.
384 4234 442 4283 adv.
454 4248 516 4283 xxvr
529 4235 559 4283 13
572 4234 612 4283 for
622 4235 703 4283 Pura.
739 4241 805 4296 tepet
816 4233 897 4282 Lech,
909 4233 948 4281 for
961 4239 1033 4280 terret.
1131 4227 1179 4278 864
1190 4229 1283 4276 umbrie
1294 4226 1359 4277 Mar.

153 4315 204 4382 (ap.
220 4316 325 4374 Victor,
337 4319 384 4365 not
396 4315 424 4364 in
435 4319 506 4377 ms),
519 4316 614 4366 Arane.
628 4317 657 4365 at
667 4314 718 4364 end
729 4314 758 4363 of
768 4313 874 4373 eatuli,
886 4313 903 4362 J
904 4316 958 4362 unt.
973 4312 1013 4361 for
1023 4312 1107 4360 undis.
1204 4309 1252 4359 865
1260 4313 1363 4372 penitus

151 4396 232 4449 Isach.
245 4398 285 4447 for
295 4400 401 4448 conitus.
435 4399 520 4446 rubrus
531 4397 589 4446 Ald.
603 4399 617 4446 1
629 4397 703 4447 Junt.
717 4395 787 4458 vulg.
820 4397 895 4445 colito
907 4394 971 4444 Mar.
1130 4391 1178 4442 868
1190 4395 1272 4455 aptae
1283 4390 1364 4440 Laoh.
