3008 4800
690 227 721 289 V

195 391 419 476 nympharum,
441 389 560 474 quibus
583 411 601 453 e
623 388 751 453 scibant
773 388 887 451 umori'
909 386 1034 452 fluenta

196 491 318 557 lubrica
339 493 484 578 proluvie
506 492 597 576 larga
619 491 725 555 lavere
748 490 860 554 umida
883 512 969 566 saxa,

197 595 309 666 umida
330 617 414 670 saxa,
436 616 534 679 super
555 594 652 659 viridi
674 593 835 658 stillantia
857 615 975 669 musco,

144 723 169 773 a
195 706 231 761 et
252 697 371 784 partim
393 697 488 781 plano
511 704 635 760 scatere
656 704 757 780 atque
780 717 949 780 erumpere
971 653 1112 792 campol

198 799 335 863 necdum
357 820 407 862 res
429 797 497 882 igni
519 797 647 862 scibant
670 806 810 862 tractare
832 819 938 882 neque
961 797 1011 860 uti

197 902 336 986 pellibus
358 909 392 965 et
413 900 524 986 spoliis
545 923 660 986 corpus
683 901 802 965 vestire
826 901 976 976 serarum,

198 1004 257 1068 sed
276 1026 406 1068 nemora
427 1012 527 1089 atque
549 1026 643 1068 cavos
662 1004 787 1069 montis
809 1003 971 1088 silvasque
993 1002 1143 1068 colebant

199 1115 233 1171 et
255 1106 386 1172 frutices
408 1107 494 1172 inter
516 1106 699 1173 condebant
721 1106 870 1193 squalida
892 1105 1037 1171 membra

199 1210 331 1275 verbera
355 1219 525 1276 ventorum
549 1212 652 1276 vitare
675 1211 854 1297 imbrisque
877 1177 998 1297 coactil

199 1336 259 1378 neo
280 1336 449 1378 commune
470 1313 593 1378 bonum
615 1317 768 1400 poterant
789 1323 937 1400 spectare
959 1336 1064 1399 neque
1086 1313 1162 1378 ullis

200 1415 341 1481 moribus
363 1419 448 1482 inter
469 1439 504 1481 se
526 1417 654 1482 scibant
676 1439 735 1482 nec
758 1417 886 1503 legibus
908 1397 979 1508 util

201 1520 286 1605 quod
309 1519 425 1605 cuique
447 1520 612 1584 obtulerat
634 1520 773 1606 praedae
796 1521 935 1598 fortuna,
958 1519 1083 1584 ferebat

199 1631 314 1708 sponte
336 1645 395 1687 sua
416 1623 487 1700 sibi,
500 1623 637 1709 quisque
660 1624 767 1689 valere
790 1632 825 1689 et
847 1624 955 1689 vivere
977 1580 1121 1718 doctusl

202 1735 236 1791 et
258 1728 368 1791 Venus
390 1727 424 1791 in
447 1727 536 1792 silvis
557 1727 715 1815 iungebat
738 1750 870 1814 corpora
892 1736 1078 1808 amantum3

201 1829 391 1895 conciliabat
413 1830 500 1905 enim
524 1831 575 1894 vel
597 1839 714 1895 mutua
736 1853 900 1917 quamque
922 1829 1039 1917 cupido

203 1933 255 1996 vel
276 1932 418 1996 violenta
439 1933 500 1996 viri
522 1933 571 1998 vis
593 1942 694 2020 atque
716 1934 854 2020 inpensa
876 1933 977 1999 libido

203 2036 253 2100 vel
275 2036 425 2121 pretium,
447 2035 580 2121 glandes
602 2046 702 2123 atque
723 2038 831 2103 arbita
853 2039 905 2103 vel
926 2039 997 2123 pira
1018 1987 1130 2139 lecta!

204 2147 238 2202 et
259 2137 414 2203 manuum
438 2138 520 2203 mira
543 2140 619 2204 freti
641 2140 765 2205 virtute
787 2139 973 2226 pedumque

203 2241 470 2306 consectabantur
491 2242 658 2308 silvestria-
675 2243 781 2307 saecla
802 2243 943 2307 ferarum

117 2360 178 2425 975
207 2344 378 2409 missilibus
400 2344 484 2409 saxis
507 2353 542 2410 et
565 2367 682 2432 magno
704 2345 847 2431 pondere
869 2346 996 2424 clavae3

10 2521 13 2528 f
118 2450 181 2526 968
204 2447 371 2533 multaque
395 2448 576 2525 vincebant,
598 2447 749 2512 vitabant
771 2471 876 2533 pauca
898 2448 1051 2528 latebris3

204 2551 435 2638 saetigerisque
456 2575 550 2638 pares
572 2552 667 2617 subu'
688 2553 735 2618 sio
757 2553 918 2617 silvestria
940 2551 1085 2616 membra

204 2656 293 2720 nuda
313 2657 437 2721 dabant
460 2666 565 2722 terrae
588 2665 746 2722 nocturno
770 2666 916 2742 tempore
938 2657 1034 2742 capti,

206 2759 325 2823 sucum
347 2783 381 2824 se
404 2761 488 2825 foliis
510 2783 548 2825 ac
570 2760 738 2826 frondibus
760 2762 970 2826 involventes

206 2885 264 2927 nec
285 2865 438 2950 plangore
460 2864 547 2929 diem
570 2887 689 2951 magno
711 2865 878 2950 solemque
901 2887 958 2950 per
981 2886 1075 2951 agros

206 2967 403 3051 quaerebant
425 2967 534 3053 pavidi
557 2968 706 3054 palantes
728 2968 833 3033 noctis
855 2969 890 3034 in
914 2968 1044 3046 umbria,

120 3224 162 3273 for
170 3240 196 3274 a.
208 3228 279 3286 vagis
290 3242 308 3274 s.
339 3227 467 3288 auctivam
479 3225 590 3287 Nauger.
604 3225 759 3290 (nollunt.)
772 3227 841 3288 vulg.
872 3226 1110 3288 noctevagiBenll.
1177 3226 1224 3277 949
1237 3225 1328 3288 quibas

121 3306 231 3354 esctbaat
239 3305 282 3353 AB
296 3305 352 3355 va.
366 3305 429 3357 1706
440 3305 502 3368 Reg.
515 3305 532 3368 (ι
541 3307 596 3357 Nic.
612 3305 715 3356 Heinsii
723 3308 749 3367 ³).
779 3309 869 3370 quibas
881 3323 893 3356 a
904 3309 1001 3357 scibant
1012 3305 1091 3356 Lech.
1101 3306 1159 3355 first
1170 3305 1236 3355 after
1247 3304 1326 3354 them.

21 3448 23 3452 Ι
120 3389 246 3437 oestibaal
262 3388 332 3437 Nico.
366 3390 481 3437 excibant
498 3388 588 3438 (lamb.
607 3389 682 3438 Pont.
717 3392 822 3439 exibant
840 3390 910 3438 Flor.
923 3391 963 3438 61.
996 3387 1275 3439 ramorl’Beutl.Lach.
1289 3387 1329 3436 for

121 3484 211 3518 aurore.
247 3470 294 3519 962
305 3471 424 3530 iarvpebat
435 3469 505 3519 Nico.
521 3470 560 3517 for
573 3471 681 3531 lugebat.
716 3473 816 3531 lugebat
830 3471 968 3535 (iungebat)
982 3470 1038 3521 Ver.
1053 3469 1115 3520 Ven.
1195 3469 1243 3520 968
1256 3468 1323 3532 (975)

121 3551 178 3600 first
192 3551 302 3614 brought
314 3557 342 3601 to
352 3551 406 3600 this
416 3551 488 3614 place
500 3551 535 3612 by
546 3552 658 3612 Nauger.
671 3556 717 3601 not
730 3553 826 3600 Avanc.
838 3552 897 3600 who
914 3551 965 3600 like
982 3551 1044 3600 Mar.
1058 3550 1111 3600 and
1122 3549 1138 3598 J
1140 3552 1195 3600 unt.
1209 3549 1295 3612 places
1307 3549 1328 3597 it

121 3634 186 3684 after
197 3634 254 3685 961.
362 3635 409 3685 970
420 3635 489 3683 subu’
500 3637 537 3682 sic
549 3636 679 3684 silvestria
689 3634 739 3685 Ed.
754 3636 794 3683 for
805 3637 880 3683 subla
892 3637 1031 3683 silvestria:
1049 3638 1085 3683 sic
1098 3633 1173 3682 could
1185 3632 1266 3693 easily
1277 3631 1325 3681 fall

122 3720 168 3767 out
180 3717 207 3765 in
219 3716 272 3766 this
282 3717 403 3779 position.
437 3719 522 3765 salbas
533 3715 624 3764 (lamb.
637 3716 694 3764 Ver.
707 3717 772 3764 Ven.
785 3717 869 3780 vulg.;
887 3717 933 3766 but
945 3717 1021 3766 Luer.
1033 3731 1091 3766 uses
1108 3718 1184 3765 sabas
1200 3714 1227 3763 in
1239 3729 1267 3763 vr
1279 3715 1328 3766 974

122 3801 184 3851 977ι
201 3800 262 3850 Luc.
282 3798 390 3848 Mueller
406 3798 436 3847 de
453 3813 479 3847 re
496 3802 571 3849 metr.
590 3813 615 3861 p.
637 3799 684 3848 350
702 3798 808 3848 defends
824 3801 909 3857 sabas,
927 3799 995 3847 from
1011 3798 1092 3847 Varro
1109 3797 1220 3846 Eumen.
1238 3797 1270 3844 22
1286 3799 1328 3846 Aa

122 3883 236 3931 colubrae
247 3897 282 3929 aa
292 3883 378 3929 volvae
391 3881 420 3929 da
432 3881 523 3928 Albuci
534 3881 609 3927 sabas
621 3880 735 3928 Atlanta
763 3878 844 3927 Lach.
854 3878 926 3927 deals
937 3878 999 3927 with
1011 3877 1064 3926 this
1078 3891 1184 3940 passage
1195 3876 1222 3925 in
1234 3891 1250 3925 a
1261 3879 1330 3925 most

123 3961 250 4023 arbitrary
261 3976 328 4022 way:
346 3963 379 4010 he
391 3960 466 4023 splits
478 3962 526 4011 970
540 3960 607 4024 (969)
621 3960 677 4009 into
689 3965 740 4009 two
752 3976 844 4019 verses,
858 3975 982 4023 supposes
999 3959 1043 4009 the
1053 3958 1103 4008 end
1115 3959 1143 4008 of
1158 3973 1208 4006 one
1222 3958 1274 4007 and
1285 3956 1330 4007 the

124 4043 263 4105 beginning
274 4045 302 4093 of
318 4044 362 4094 the
377 4044 450 4093 other
466 4048 493 4093 to
505 4043 536 4092 be
547 4042 599 4092 lost
611 4043 663 4092 aad
674 4043 768 4092 inserts
781 4043 828 4094 968
847 4042 913 4106 (975)
927 4043 1039 4091 between
1050 4041 1135 4090 them:
1153 4039 1215 4088 thus
1226 4041 1252 4088 S.
1269 4055 1295 4101 p.
1307 4055 1326 4090 s.

124 4127 268 4188 [ardorique
286 4126 391 4186 bosram]
409 4127 445 4174 ll.
457 4141 477 4173 s.
490 4140 512 4173 o.
524 4139 555 4173 aa.
564 4140 592 4186 p.
604 4139 625 4175 c.
640 4125 714 4186 [Iade
726 4126 796 4172 cavis
809 4131 898 4172 tensare
910 4123 1013 4183 abiecti]
1025 4137 1044 4170 s.
1057 4137 1103 4169 m.:
1121 4135 1218 4169 amore
1234 4134 1329 4168 uncon-

124 4207 229 4270 vincing
244 4211 305 4257 note
321 4207 384 4256 than
399 4207 441 4256 his
456 4208 470 4256 I
487 4221 564 4256 never
578 4206 648 4265 read,
664 4222 693 4255 or
709 4221 781 4256 more
797 4205 949 4269 sophistical
967 4203 1107 4266 objections
1124 4207 1151 4252 to
1167 4201 1213 4251 the
1229 4206 1331 4264 present

125 4293 187 4341 text.
271 4291 318 4341 971
329 4291 406 4338 Nuda
418 4291 513 4338 dabant
525 4288 617 4338 hamb.
630 4288 670 4337 ed.
683 4291 698 4337 3
711 4288 769 4338 first
781 4289 820 4338 lor
832 4289 971 4338 Nudabant
982 4286 1067 4334 which
1078 4284 1151 4335 Wak.
1166 4283 1331 4348 indignantly

125 4376 244 4429 restores,
253 4371 360 4434 making
370 4371 443 4421 these
454 4371 547 4434 simple
559 4387 621 4421 sons
634 4372 662 4420 ol
671 4371 746 4420 earth
759 4370 881 4420 unclothe
890 4369 957 4419 their
968 4367 1051 4418 naked
1062 4367 1139 4416 limbs
1150 4366 1203 4416 and
1214 4366 1277 4416 rival
1288 4366 1333 4416 the
