3008 4800
687 184 757 272 '111
1284 226 1341 294 153

222 367 301 452 quid
322 365 561 451 respondemus,
582 365 645 429 nisi
668 366 789 429 iustam
812 365 981 430 intendere
1005 366 1097 431 litem
1275 384 1340 449 950

223 478 371 533 naturam
394 477 429 531 et
452 489 561 531 veram
584 468 689 533 verbis
711 490 873 553 exponere
896 492 1026 533 causam
1039 444 1073 548 il

134 588 196 652 955
221 569 371 658 grandior
392 569 445 633 hic
468 592 542 634 vero
565 570 592 634 si
615 571 683 634 iam
706 571 879 656 seniorque
903 581 1060 657 queratur

136 691 199 756 952
222 682 320 758 atque
343 671 467 736 obitum
492 672 689 738 lamentetur
712 674 811 737 miser
832 675 974 760 amplius
997 698 1111 761 aequo,

223 797 285 838 non
309 775 424 838 merito
447 774 599 840 inclamet
621 777 725 862 magis
748 785 782 842 et
805 799 882 842 voce
904 778 1051 863 increpet
1073 744 1190 948 aerii}¹

134 893 200 962 954
222 879 329 942 ‘aufer
349 879 468 944 abhinc
490 879 643 956 lacrimas,
666 880 800 959 balatro,
823 890 857 946 et
880 905 1045 968 compesce
1067 906 1166 970 querc
1191 854 1243 1012 aa!
1274 899 1335 967 955

222 982 330 1046 omnia
352 983 542 1068 perfunctus
565 982 645 1047 vitai
666 985 811 1069 praemia
835 959 986 1078 marces}

222 1086 278 1149 sed
300 1085 377 1170 quia
398 1109 525 1173 semper
546 1109 622 1151 aves
643 1088 728 1173 quod
752 1087 854 1167 abest,
877 1091 1060 1175 praesentia
1082 1092 1211 1170 temnit,

223 1189 400 1275 inperfecta
421 1189 484 1255 tibi
505 1189 646 1276 elapsast
669 1191 863 1277 ingrataque
887 1193 954 1257 vita

223 1302 257 1358 et
279 1316 337 1358 nec
359 1295 506 1380 opinanti
528 1316 613 1358 mors
634 1294 676 1357 ad
698 1303 799 1380 caput
821 1295 957 1359 adstitit
973 1304 1051 1386 ante

223 1417 320 1480 quam
342 1406 491 1460 saturae
513 1396 628 1482 plenus
650 1397 751 1481 possis
774 1396 936 1463 discedere
956 1376 1097 1508 rerum}
1275 1403 1340 1482 960
1402 1444 1407 1454 -

223 1520 308 1563 nunc
330 1499 436 1564 aliena
457 1508 516 1564 tua
538 1507 648 1563 tamen
670 1507 780 1564 aetate
802 1501 912 1564 omnia
934 1501 1030 1592 mitte

222 1624 324 1687 aequo
345 1602 517 1688 animoque
539 1605 679 1689 agedum
702 1626 840 1691 magnus
862 1605 1017 1669 concede:
1046 1567 1249 1683 necessest'l

223 1705 300 1781 iure,
323 1715 361 1770 ut
382 1707 505 1792 opinor‚'
525 1717 610 1794 agat,
633 1709 702 1772 iure
725 1707 872 1792 increpet
894 1708 1087 1794 inciletque3
1169 1757 1171 1760 ι

223 1808 309 1873 cedit
331 1809 419 1874 enim
441 1832 549 1874 rerum
571 1811 717 1876 novitate
739 1819 872 1876 extrusa
894 1818 1041 1876 vetustas
1142 1831 1144 1835 ’

222 1933 355 1997 semper,
378 1921 474 1978 etex
495 1913 569 1978 aliis
590 1913 679 1978 aliud
701 1903 850 1999 reparare
872 1922 1051 1992 neccssest;
1074 1936 1075 1939 ¹
1103 1937 1106 1945 ·
1229 1934 1231 1938 “
1275 1917 1336 1997 965

222 2038 280 2079 nec
303 2016 473 2102 quisquam
496 2017 531 2081 in
553 2017 742 2083 barathrum
765 2040 825 2082 nec
848 2018 984 2082 Tartara
1005 2017 1135 2083 deditur
1157 2025 1244 2082 atra:

223 2120 372 2186 materies
395 2144 476 2207 opus
498 2131 548 2187 est
570 2130 609 2187 ut
631 2131 776 2187 crescant
799 2130 929 2207 postera
951 2123 1074 2202 saecla3
1151 2141 1152 2145 ’

222 2245 304 2308 quae
327 2232 437 2289 tamen
461 2226 569 2289 omnia
590 2236 623 2290 te
646 2226 715 2291 vita
736 2227 909 2312 perfuncta
931 2234 1125 2311 sequentur;

222 2349 281 2390 nec
303 2328 410 2392 minus
432 2351 508 2415 ergo
530 2337 608 2394 ante
630 2329 709 2394 haec
731 2352 830 2415 quam
853 2337 891 2393 tu
914 2328 1065 2406 cecidere,
1087 2304 1298 2414 cadentquel

223 2431 267 2495 sic
290 2431 355 2495 alid
378 2454 418 2496 ex
440 2432 503 2496 alio
525 2455 704 2516 numquam
726 2432 865 2498 desistet
887 2432 963 2496 oriri
1275 2451 1340 2515 970

223 2533 354 2620 vitaque
377 2535 538 2621 mancipio
561 2535 643 2600 nulli
664 2536 772 2612 datur,
794 2536 945 2600 omnibus
967 2503 1058 2648 usu,

223 2637 343 2722 respice
366 2638 446 2703 item
470 2660 568 2724 quam
590 2639 636 2703 nil
658 2639 700 2703 ad
722 2661 780 2702 nos
803 2645 959 2702 anteacta*
976 2645 1121 2702 vetustas

223 2741 376 2825 temporis
398 2742 523 2807 aeterni
546 2743 652 2821 fuerit,
666 2765 773 2829 quam
795 2743 959 2806 nascimur
981 2727 1082 2890 ante(

222 2845 281 2909 hoc
303 2845 404 2932 igitur
425 2847 592 2932 speculum
615 2848 706 2911 nobis
730 2856 848 2912 natura
870 2846 973 2911 futuri

224 2950 377 3034 temporis
400 2951 533 3035 exponit
555 2961 627 3036 post
649 2961 788 3016 mortem
811 2951 952 3036 denique
975 2933 1142 3057 nostram(
1274 2966 1334 3032 975

222 3052 380 3138 numquid
403 3053 449 3117 ibi
471 3054 623 3118 horribile
646 3062 791 3140 apparet,
814 3077 894 3118 num
917 3055 1011 3119 triste
1034 3053 1163 3118 videtur
1331 3057 1333 3060 ’

222 3156 403 3242 quicquam,
425 3180 489 3222 non
511 3159 600 3223 omni
622 3181 732 3223 somno
755 3159 899 3223 securius
922 3135 1071 3267 exstattl

265 3263 375 3348 Atque
398 3285 437 3327 ea
458 3263 612 3327 nimirum
634 3285 858 3349 quaecumque
880 3263 1068 3327 Acherunte
1091 3261 1247 3348 profundo

223 3364 349 3451 prodita
372 3375 449 3430 sunt
471 3388 548 3444 esse,
571 3366 606 3430 in
628 3367 697 3430 vita
718 3375 797 3431 sunt
820 3366 929 3430 omnia
952 3366 1049 3432 nobis.

135 3608 167 3654 ei.
288 3606 334 3655 952
350 3605 416 3670 (955)
429 3605 519 3667 placed
534 3606 594 3654 here
609 3605 665 3655 first
681 3605 714 3668 by
726 3604 806 3654 Lech.
922 3605 970 3655 955
988 3605 1086 3653 beletro
1101 3603 1199 3652 certain
1214 3601 1299 3653 critias
1310 3602 1338 3652 in

136 3685 249 3736 Turneb.
262 3687 359 3737 advers.
371 3686 424 3736 and
436 3687 527 3737 Heins.
539 3686 568 3736 in
579 3702 628 3736 ms.
640 3691 715 3736 notes
727 3688 767 3736 for
780 3688 889 3736 beruire.
924 3689 999 3736 tarde
1012 3686 1069 3736 Ald.
1083 3688 1097 3735 1
1108 3686 1124 3735 J
1126 3690 1180 3736 unt.
1195 3687 1241 3735 not
1253 3686 1316 3736 Mar.

169 3770 217 3820 958
238 3770 377 3831 inperfecta
393 3768 461 3817 Flor.
479 3770 510 3817 31
528 3768 616 3818 camb.
642 3769 682 3817 lor
705 3769 849 3832 inperfecte.
996 3768 1043 3819 960
1066 3769 1190 3816 discedere
1206 3765 1276 3816 Nice.
1300 3767 1339 3816 for

136 3852 239 3900 discere.
353 3851 401 3900 962
419 3852 524 3912 opedam
536 3849 605 3901 Nico.
620 3851 801 3913 toraperrdum.
838 3864 942 3911 crepans
955 3848 1287 3898 ‘censorOrelliiIenenis’
1300 3849 1339 3897 ior

136 3934 240 3993 maenis.
276 3935 328 3981 iera
342 3934 404 3981 eliis
419 3933 483 3982 Mar.
502 3931 559 3981 Ald.
577 3933 590 3979 1
608 3933 680 3980 Junt.
696 3931 766 3994 vulg.
800 3933 885 3992 dipair
901 3930 980 3980 Laoh.
1013 3932 1098 3993 poetic
1112 3930 1190 3979 Bem.
1225 3932 1338 3980 haerente

138 4011 191 4061 and
207 4027 276 4075 maye
291 4015 326 4062 eie
340 4011 391 4072 Ed.
410 4013 541 4074 formerly.
640 4012 687 4062 966
704 4013 805 4060 deditur
823 4013 846 4059 A
862 4010 931 4060 Nice.
968 4012 1039 4059 dedit
1057 4009 1086 4060 B.
1124 4011 1217 4059 decidit
1233 4009 1254 4057 B
1271 4024 1335 4060 corr.

137 4093 228 4144 Lamb.
306 4096 353 4144 978
364 4096 445 4156 Atque
457 4109 488 4142 ee
499 4092 755 4141 nimirumABFlor.
768 4094 799 4141 31
809 4092 898 4142 (lamb.
913 4092 997 4141 avit.
1010 4092 1125 4142 Priscian
1136 4092 1240 4155 rightly.
1269 4092 1338 4142 Nice.

136 4174 184 4224 has
197 4179 278 4239 Atque
293 4179 434 4226 animarum
449 4179 540 4226 etiam:
558 4191 574 4224 a
589 4182 693 4237 strange
708 4190 779 4225 error
790 4174 875 4224 which
892 4176 913 4223 is
928 4175 1046 4237 repeated
1057 4174 1090 4236 by
1101 4176 1116 4222 2
1128 4175 1186 4223 Vat.
1198 4174 1268 4224 Brix.
1280 4174 1338 4224 Ver.

136 4259 199 4311 Ven.
217 4260 282 4310 Mar.
297 4259 353 4310 Ald.
373 4261 386 4308 1
402 4259 455 4308 and
470 4261 493 4317 2,
506 4259 594 4308 June:
613 4258 656 4308 the
671 4259 723 4307 last
738 4258 796 4307 tour
811 4257 874 4307 read
890 4260 978 4321 Atqui.
1011 4258 1107 4307 Avanc.
1119 4256 1235 4306 however
1251 4262 1278 4307 at
1295 4258 1338 4307 the

135 4341 186 4391 end
200 4341 229 4391 ol
244 4341 286 4391 his
301 4342 419 4391 Catullus
435 4340 531 4403 rightly
543 4340 635 4389 recalls
649 4344 729 4403 Atque
745 4355 776 4389 eo
789 4342 909 4388 nimirum
918 4359 926 4403 3
943 4354 972 4389 as
986 4338 1018 4388 do
1036 4338 1126 4388 Lamb.
1144 4337 1209 4401 vulg.
1230 4338 1276 4388 but
1292 4344 1339 4389 not
