3008 4800
770 225 806 288 II

270 385 403 450 tandem
426 385 573 450 colerunt
596 407 635 451 ea
657 408 740 470 quae
762 387 905 452 coniecta
927 398 1059 473 repente

269 510 459 574 magnarum
484 511 591 553 rerum
615 489 730 554 fierent
752 491 882 555 exordia
903 513 1036 576 semper,

268 591 367 655 terrai
390 592 487 656 maris
510 601 544 656 et
566 593 647 658 caeli
669 595 859 678 generisque
881 562 1102 702 animantuml

268 715 368 778 quare
391 694 491 758 etiam
515 703 614 779 atque
637 697 737 759 etiam
760 697 836 760 talis
859 697 978 761 fateare
1000 719 1127 762 necesse
1151 706 1200 761 est

268 818 337 861 esse
359 797 438 860 alios
461 796 541 861 alibi
562 819 750 884 congressus
771 800 927 874 materiai,
1300 803 1380 879 1065

267 900 372 985 qualis
395 900 447 964 hic
470 908 529 975 est,
552 899 646 965 avido
669 903 837 987 complexu
859 924 955 987 quem
978 911 1069 967 tenet
1089 842 1237 1018 aether.)

312 1004 484 1067 Praeterea
505 1024 580 1067 cum
602 1003 754 1067 materies
775 1011 826 1068 est
848 1005 952 1068 multa
974 1013 1096 1088 parata,

267 1131 341 1173 cum
364 1107 452 1171 locus
475 1115 526 1171 est
549 1118 677 1191 praesto
698 1127 759 1170 nec
780 1127 831 1186 res
853 1126 911 1171 nee
933 1096 1028 1172 caula
1050 1117 1193 1174 moratur

268 1211 343 1287 ulla,
366 1209 436 1296 geri
458 1208 581 1273 debent
604 1208 758 1272 nimirum
781 1217 816 1272 et
825 1194 966 1279 lconfieri
987 1186 1045 1275 ies.

265 1334 352 1376 nuno
374 1321 409 1376 et
431 1309 610 1375 seminibus
632 1310 660 1373 si
683 1318 776 1374 tanta
797 1319 847 1375 est
868 1313 960 1396 copia
981 1321 1135 1397 quantam
1301 1331 1383 1394 1070

265 1438 455 1482 enumerare
478 1423 568 1479 aetas
590 1414 793 1478 animantum
815 1437 879 1479 non
901 1425 999 1500 queat
1021 1418 1132 1493 omnis,

264 1521 372 1606 visque
394 1519 507 1584 eadem
530 1527 559 1583 et
580 1525 699 1582 natura
721 1526 832 1582 manet
853 1540 935 1604 quae
957 1520 1080 1585 semina
1101 1543 1214 1605 rerum

265 1625 409 1690 conicere
431 1623 467 1686 in
490 1623 559 1687 loca
581 1643 724 1707 quaeque
746 1631 846 1706 queat
867 1623 965 1688 simili
986 1625 1109 1690 ratione

264 1736 364 1813 atque
386 1726 450 1790 huc
472 1733 551 1789 sunt
573 1724 727 1800 coniecta,
748 1746 875 1790 necesse
897 1734 947 1790 est
968 1726 1139 1792 confiteare

265 1853 333 1896 esse
357 1830 436 1894 alios
457 1829 531 1893 aliis
553 1837 713 1894 terrarum
735 1828 769 1893 in
792 1829 938 1914 partibus
960 1830 1044 1895 orbis
1299 1845 1377 1912 1075

264 1943 298 2000 et
320 1933 425 1998 varias
447 1933 617 1996 hominum
638 1932 747 2019 gentis
769 1941 804 1997 et
826 1933 928 1997 saecla
950 1934 1098 1998 serarum.

307 2037 384 2101 Huc
406 2035 532 2100 accedit
554 2042 592 2100 ut
614 2035 650 2098 in
671 2057 798 2100 summa
821 2058 871 2100 res
891 2036 981 2101 nulla
1002 2037 1045 2101 sit
1067 2060 1141 2113 una,

262 2141 359 2204 unica
380 2160 463 2224 quae
486 2138 642 2225 gignatur
664 2146 698 2202 et
720 2128 816 2203 unica
838 2139 967 2224 solaque
989 2149 1119 2217 crescat,

262 2243 350 2331 quin¹
365 2240 518 2327 aliquoiu'
541 2241 603 2306 siet
626 2242 723 2306 saecli
745 2243 969 2328 permultaque
992 2243 1104 2308 eodem

263 2345 329 2411 sint
351 2366 477 2432 genere.
522 2343 557 2408 in
578 2344 692 2430 primis
714 2345 916 2420 animalibus,
938 2345 1059 2411 inclute
1082 2346 1224 2422 Memmi,
1297 2348 1380 2412 1080

199 2515 202 2522 ,
262 2451 407 2515 invenies
429 2449 475 2514 sic
498 2448 723 2535 montivagum
745 2471 848 2536 genus
871 2473 939 2515 esse
961 2451 1109 2527 serarum,
1369 2464 1371 2468 ‘

262 2555 308 2618 sic
330 2553 499 2618 hominum
522 2552 668 2638 genitam
690 2553 821 2636 prolem,
843 2554 889 2617 sic
910 2553 1048 2639 denique
1071 2564 1181 2618 mutas

261 2658 502 2744 squamigerum
525 2657 664 2742 pecudes
687 2665 721 2721 et
742 2678 873 2742 corpora
894 2666 1009 2722 cuncta
1031 2658 1205 2723 volantum.

261 2769 460 2847 quapropter
481 2760 607 2825 caelum
629 2760 728 2824 simili
750 2761 873 2826 ratione
896 2763 1095 2827 fatendumst

262 2871 446 2949 terramque
469 2873 504 2928 et
526 2864 626 2928 solem
651 2865 760 2928 lunam
783 2888 880 2942 mare,
901 2873 1007 2931 cetera
1029 2887 1111 2950 quae
1133 2876 1217 2941 sunt,
1297 2868 1374 2945 1085

176 3062 248 3112 1059.
391 3056 454 3106 1061
466 3058 582 3105 ocurrunt
593 3055 664 3106 Nice.
676 3058 692 3105 8
704 3057 762 3106 Vat.
775 3057 845 3107 Mon.
856 3059 929 3107 Junt.
941 3056 1050 3120 rightly:
1068 3071 1110 3107 sse
1121 3061 1194 3106 notes
1207 3059 1230 3105 2.
1264 3059 1376 3105 coarcat

174 3144 228 3192 AB.
261 3143 398 3192 coaluerint
418 3139 510 3190 Lamb.
546 3142 675 3190 coluerant
696 3139 776 3190 Lach.
809 3144 920 3191 animant
943 3141 964 3189 B
987 3155 1051 3190 corr.
1074 3139 1141 3190 Flor.
1168 3140 1198 3188 31
1219 3137 1309 3188 camb.
1326 3152 1375 3188 one

174 3225 232 3275 Vat.
266 3226 378 3274 coniecta
389 3222 418 3271 oi
433 3222 469 3272 all
480 3236 542 3270 mss.
555 3235 638 3270 seems
650 3226 677 3271 to
689 3237 730 3272 me
740 3221 811 3284 quite
822 3221 904 3285 right:
922 3237 1005 3285 comp.
1019 3224 1091 3274 1108.
1167 3230 1284 3274 θσπυθθῖα
1294 3221 1374 3271 Lech.

174 3306 259 3357 which
280 3319 389 3368 appears
411 3308 438 3352 to
461 3303 491 3352 he
514 3302 558 3353 the
581 3302 650 3365 right
673 3303 778 3366 reading
801 3303 828 3352 in
851 3304 894 3354 the
916 3307 1005 3366 nearly
1020 3304 1141 3355 identical
1161 3319 1267 3368 passage
1289 3319 1305 3352 v
1327 3305 1375 3354 429

173 3388 257 3439 where
274 3388 318 3437 the
335 3401 396 3436 mss.
416 3385 483 3436 have
499 3394 631 3435 conventa.
664 3386 744 3436 Laoh.
768 3387 863 3448 objecta
886 3391 912 3437 to
934 3391 1046 3438 coniecta
1069 3387 1157 3449 ‘quasi
1179 3385 1313 3436 Lucretius
1333 3384 1375 3433 hic

173 3471 249 3521 aliter
270 3485 349 3532 qnam
370 3469 399 3518 in
421 3467 520 3530 quinto,
536 3467 619 3517 dicere
636 3469 780 3531 potuerit’:
804 3469 849 3519 but
866 3470 936 3518 there
953 3468 984 3518 he
1001 3468 1049 3518 has
1066 3469 1121 3519 also
1139 3471 1296 3526 conveniant,
1314 3467 1375 3516 here

174 3555 296 3612 colerunt,
310 3549 382 3599 there
398 3565 478 3612 saepe,
491 3549 552 3598 here
566 3535 671 3612 semper3
690 3550 729 3598 ior
744 3550 823 3600 Lach.
837 3551 924 3613 vainly
935 3551 1012 3600 alters
1023 3566 1094 3613 saepe
1107 3554 1135 3599 to
1146 3565 1254 3614 seniper:
1271 3549 1304 3598 he
1319 3549 1374 3599 also

174 3635 272 3698 saysel
282 3636 393 3685 coniecta
408 3633 577 3682 ‘sententiam
589 3647 643 3682 non
655 3634 739 3696 explet
750 3633 802 3682 nisi
812 3633 899 3682 addita
910 3633 958 3683 loci
970 3633 1167 3695 significatione,
1180 3637 1209 3683 ut
1225 3634 1303 3696 paulo
1315 3636 1373 3696 post

176 3719 293 3767 Conicere
309 3719 339 3765 ia
354 3718 408 3765 loce
425 3716 548 3777 quaeque'
565 3717 627 3764 cet:
645 3714 691 3764 but
708 3728 719 3762 1
735 3716 783 3764 284
798 3717 935 3776 Frapmina
950 3717 1073 3765 contemne
1087 3717 1207 3764 silcamm
1223 3717 1374 3777 arbustaque

174 3808 235 3860 tota,
249 3813 286 3847 we
299 3797 355 3846 find
366 3797 387 3845 it
404 3795 468 3845 used
483 3795 635 3856 absolutely.
736 3795 800 3844 1062
812 3797 913 3845 exordia
925 3795 989 3845 Mar.
1001 3795 1058 3845 Ald.
1072 3799 1085 3845 l
1097 3797 1169 3846 Junt.
1185 3797 1223 3846 lor
1234 3813 1266 3846 er
1276 3798 1373 3854 ordine,

174 3896 203 3931 as
215 3881 244 3929 in
256 3879 301 3930 the
312 3878 359 3928 tth
371 3878 446 3928 book.
579 3878 643 3928 1070
654 3885 687 3926 et.
720 3894 751 3927 ea
762 3878 843 3927 Lech.
855 3878 902 3927 but
913 3886 938 3927 et
949 3880 972 3928 is
982 3878 1076 3943 clearly
1087 3880 1170 3942 right:
1189 3896 1218 3929 ee
1230 3878 1318 3929 makes
1329 3877 1374 3927 the

173 3963 351 4013 construction
365 3963 434 4009 most
449 3958 591 4008 awkward:
610 3958 672 4007 then
689 3960 752 4010 1072
772 3961 861 4022 Virque
876 3962 960 4009 eadem
975 3970 999 4010 et
1014 3970 1107 4011 rraturu
1125 3963 1187 4012 Mar.
1202 3961 1260 4011 Ald.
1273 3963 1286 4010 1
1299 3960 1372 4010 Junt.

172 4046 213 4094 ior
232 4047 276 4093 Vis
294 4045 379 4094 eadem
395 4050 496 4090 uerrere.
536 4042 598 4101 Quis
615 4043 701 4090 eedem
716 4048 810 4090 statura
826 4041 904 4089 Laoh.
996 4045 1059 4093 1073
1076 4059 1186 4106 quaeque
1203 4052 1278 4107 preat
1295 4045 1375 4092 circili

172 4126 240 4174 Flor.
253 4125 284 4173 31
297 4122 385 4173 Camh.
397 4122 437 4171 lor
449 4136 561 4184 qumque
573 4123 690 4170 cuiculi.
790 4122 851 4172 1079
863 4123 986 4185 aliquoiu'
997 4128 1045 4172 rr'et
1057 4125 1169 4174 Gronov.
1182 4125 1221 4173 lor
1232 4127 1372 4186 aliquoiur's

172 4209 219 4256 siet
230 4206 261 4264 B,
275 4206 429 4267 alioquotais
442 4204 477 4251 A:
495 4202 539 4251 the
552 4200 622 4250 older
633 4200 731 4251 editors
741 4201 805 4251 have
815 4216 880 4264 gone
891 4203 980 4267 widely
991 4210 1085 4268 astray.
1205 4206 1267 4256 1080
1278 4207 1372 4254 inclute

172 4290 273 4338 ilenrmi
285 4278 398 4337 Gronor.
411 4287 451 4335 ior
461 4287 546 4335 indice
557 4292 646 4334 create.
784 4286 845 4335 1081
857 4287 972 4335 Invenies
983 4287 1059 4337 Pont.
1072 4288 1137 4338 Mar.
1149 4286 1204 4336 Ald.
1220 4289 1233 4335 1
1245 4288 1319 4336 Junt.
1333 4288 1371 4336 lor

171 4371 308 4419 iuvenisse.
398 4369 460 4417 1002
477 4370 588 4430 penita-ru
605 4365 670 4416 Mar.
688 4365 746 4416 Ald.
764 4367 779 4415 1
795 4366 867 4417 Junt.
884 4366 925 4415 for
938 4371 1071 4429 yemiuam‘.
1170 4369 1231 4421 1089
1249 4372 1314 4433 qrrod
1331 4372 1371 4419 his
