3008 4800
255 360 307 423 cui
330 358 444 423 similis
466 366 537 423 toto
559 366 718 422 terrarum
740 358 833 424 nullo
854 358 899 423 sit
921 358 1008 438 orbi;

254 462 381 527 infinita
403 471 514 526 tamen
536 460 599 525 nisi
621 459 683 524 erit
708 459 756 524 vis
778 459 927 525 materiai

254 566 339 632 unde
362 589 400 631 ea
422 564 571 652 progigni
593 563 694 650 possit
716 573 879 650 concepta,
902 564 1002 628 creari
1307 583 1366 651 545

254 694 316 735 non
340 670 469 757 poterit,
490 691 606 754 neque,
629 668 714 754 quod
736 677 892 754 superest,
915 690 1111 755 procrescere
1134 639 1268 776 alique,

253 775 373 860 quippe
395 774 516 838 etenim
539 794 665 837 sumam
688 773 747 837 hoo
769 795 896 858 quoque
919 773 970 837 uti
993 773 1086 837 finita
1107 795 1165 858 per
1186 796 1281 839 omne

253 900 384 964 corpora
404 877 518 942 iactari
539 877 637 941 unius
658 875 815 963 genitalia
837 876 892 953 rei,

253 981 338 1047 unde
360 980 504 1066 ubique
525 980 559 1044 vi
581 988 615 1045 et
636 1002 700 1065 quo
722 988 818 1065 pacto
840 1001 1010 1067 congressa
1032 980 1165 1046 coibunt

253 1085 407 1150 materiae
429 1092 522 1149 tanto
544 1083 579 1147 in
601 1083 715 1168 pelago
737 1083 899 1168 turbaque
921 1082 1028 1148 aliena
1041 1054 1075 1192 ll
1306 1099 1369 1167 550

253 1212 326 1267 non,
348 1197 386 1253 nt
409 1187 529 1273 opinor,
551 1186 673 1251 habent
695 1186 854 1251 rationem
876 1185 1089 1278 conciliandi;

251 1293 307 1358 sed
329 1291 422 1377 quasi
444 1291 620 1377 naufragiis
642 1291 768 1376 magnis
790 1290 966 1376 multisque
989 1291 1105 1354 coortis

250 1396 419 1461 disiectare
440 1393 522 1458 solet
544 1415 698 1478 magnum
720 1414 809 1457 mare
830 1400 973 1457 transtra
993 1392 1140 1479 guberna

251 1508 420 1564 antemnas
441 1518 569 1583 proram
591 1496 692 1560 malos
714 1503 888 1581 tonsasque
909 1495 1062 1571 natantis,

251 1625 309 1688 per
331 1609 489 1666 terrarum
511 1597 616 1662 omnis
637 1620 707 1662 oras
729 1597 895 1662 fluitantia
916 1597 1062 1684 aplustra
1306 1615 1365 1683 555

251 1713 290 1770 nt
313 1704 485 1768 videantur
507 1710 541 1766 et
563 1700 720 1766 indicium
742 1703 934 1768 mortalibus
956 1703 1064 1779 edant,

252 1805 344 1871 inlidi
365 1804 463 1868 maris
485 1803 618 1868 insidias
640 1803 979 1890 virisquedolumque

252 1918 291 1974 ut
312 1909 415 1973 vitare
437 1907 548 1984 velint,
570 1928 651 1972 neve
673 1906 740 1971 ullo
762 1917 908 1993 tempore
930 1906 1071 1983 credant,

251 2011 385 2077 subdola
406 2032 480 2074 cum
502 2008 588 2073 ridet
610 2009 729 2095 placidi
750 2009 887 2094 pellacia
907 2009 1010 2095 ponti,

250 2116 296 2181 sic
318 2115 380 2180 tibi
402 2114 430 2178 si
451 2113 545 2177 finita
567 2113 667 2178 semel
688 2112 865 2199 primonlia
885 2111 1046 2198 quaedam
1305 2119 1369 2197 560

250 2219 436 2294 constitues,
458 2239 570 2282 aevom
593 2217 760 2283 debebunt
781 2239 892 2304 sparsa
913 2240 971 2303 per
993 2240 1122 2282 omnem

251 2324 420 2389 disiectare
442 2330 552 2388 aestus
573 2321 693 2386 diversi
714 2321 873 2398 materiai,

251 2447 429 2510 numquam
450 2422 486 2487 in
507 2422 679 2488 concilium
701 2432 740 2488 ut
760 2423 887 2508 possint
908 2423 1075 2509 compulsa
1097 2424 1181 2488 coire

251 2552 310 2595 nec
332 2527 483 2592 remorari
504 2526 539 2590 in
561 2526 695 2592 concilio
716 2549 776 2592 nec
797 2549 937 2592 crescere
959 2527 1116 2608 adaucta;

249 2655 386 2719 quorum
409 2640 584 2716 utrumque
606 2631 714 2716 palam
736 2630 807 2696 fieri
829 2632 1002 2697 manifesta
1022 2631 1117 2697 docet
1138 2655 1197 2710 res,
1302 2636 1360 2717 565
1409 2634 1412 2639 ’

251 2747 285 2803 et
306 2760 357 2802 res
379 2735 529 2823 progigni
550 2744 585 2800 et
605 2735 733 2822 genitas
755 2757 953 2821 procrescere
976 2716 1092 2832 possel

250 2862 319 2905 esse
342 2839 443 2926 igitur
464 2860 581 2924 genere
604 2836 639 2901 in
661 2838 774 2923 quovis
796 2837 971 2924 primonlia
992 2861 1099 2904 rerum

251 2944 380 3009 infinita
401 2942 509 3027 palam
531 2950 582 3006 est
604 2942 691 3007 unde
713 2943 823 3007 omnia
844 2920 1116 3062 suppeditantur}

294 3048 366 3117 Nec
387 3068 538 3133 superare
560 3054 688 3132 queunt
709 3056 817 3112 motus
840 3047 953 3133 itaque
975 3048 1125 3113 exitiales

251 3159 408 3239 perpetuo
430 3171 535 3236 neque
558 3149 593 3213 in
615 3158 784 3214 aeternum
806 3151 943 3237 sepelire
965 3153 1113 3229 salntem,
1304 3168 1367 3236 570

251 3277 310 3319 nec
332 3275 424 3339 porro
445 3275 554 3317 rerum
575 3253 736 3339 genitales
757 3253 964 3339 auctificique

251 3365 359 3421 motus
380 3364 538 3442 perpetuo
559 3364 695 3441 possunt
717 3378 844 3421 servare
865 3336 999 3454 crestal

250 3460 295 3525 sic
316 3481 420 3545 aequo
440 3458 565 3545 geritur
585 3459 763 3524 certamine
786 3459 1019 3544 principiorum

249 3587 289 3628 ex
312 3562 441 3627 infinito
463 3571 666 3627 contractum
688 3570 833 3648 tempore
855 3562 997 3628 bellum:

250 3689 336 3732 nune
359 3666 412 3730 hio
433 3688 520 3730 nunc
543 3667 608 3730 illic
630 3675 786 3752 superant
809 3665 922 3730 vitalia
943 3688 1052 3730 rerum
1304 3684 1363 3750 575

162 3869 199 3915 sit
215 3867 244 3913 ia
260 3865 314 3912 orta·
331 3863 353 3910 B
370 3876 436 3910 corr.
486 3877 536 3910 non
550 3863 586 3910 ait
603 3864 632 3908 in
647 3863 704 3910 orte
720 3861 792 3910 Nica.
810 3862 880 3911 Flor.
897 3863 929 3911 31
946 3862 1037 3912 Gamb.
1054 3864 1124 3915 Mon
1142 3865 1234 3927 vulgo:
1251 3865 1363 3928 perhaps

165 3946 270 4010 rightly.
384 3945 432 3993 547
448 3959 543 3992 maa
559 3943 604 3991 lanc
620 3958 717 4005 quoqne
732 3946 772 3990 aaa·
789 3943 839 3994 Ed,
859 3945 900 3993 lor
916 3944 960 3993 the
976 3946 1148 4007 meaningless
1163 3955 1263 3995 ramat
1279 3949 1364 3997 ocala':

164 4043 250 4091 comp.
268 4028 325 4077 541.
357 4030 379 4075 si
396 4027 546 4074 anomala
559 4023 641 4074 Isaah.
656 4024 797 4088 strangely.
831 4025 906 4075 Walr.
918 4026 976 4075 tells
987 4041 1018 4075 ns
1030 4028 1089 4076 thal
1099 4029 1183 4078 Bentl
1197 4029 1309 4078 obelissd
1320 4031 1365 4079 the

164 4107 262 4166 words3
279 4106 332 4157 and
347 4107 369 4155 it
384 4107 407 4155 is
422 4111 527 4168 strange
542 4105 601 4154 that
616 4104 653 4154 all
667 4104 764 4155 editors
778 4105 866 4156 before
876 4107 961 4163 Wak..
973 4122 1036 4156 eren
1051 4108 1124 4157 Jnnn
1138 4109 1190 4158 and
1204 4109 1307 4166 Lamb..
1319 4111 1366 4161 lest

164 4189 236 4240 them
252 4189 409 4238 unnoticed:
428 4188 503 4239 Wak.
522 4188 590 4248 conj.
608 4195 709 4236 sam
724 4189 793 4238 ollei.
891 4192 940 4239 553
955 4193 1065 4251 auterno
1083 4191 1175 4241 lamb.
1192 4192 1233 4241 for
1249 4177 1365 4242 curenno.

165 4274 267 4320 carinas
277 4272 347 4320 Nice.
441 4272 489 4319 555
500 4272 615 4332 aplustra
627 4269 741 4318 Politian
752 4269 817 4321 Mar.
831 4271 906 4321 suna
918 4272 1083 4335 turpatum
1093 4274 1123 4329 A.
1131 4276 1248 4337 ploastn
1260 4274 1283 4323 B
1295 4275 1365 4323 Nice.

164 4352 256 4402 Camb.
353 4353 402 4401 560
412 4354 521 4414 sifinito
531 4352 554 4399 Β
565 4365 632 4399 corr.
644 4350 700 4400 Ver.
715 4350 779 4400 Ver.
791 4352 857 4402 Mar.
868 4353 942 4403 torsi
954 4354 1062 4417 inflicta
