3008 4800
708 208 745 272 II

211 375 391 460 conspicere
414 374 568 437 amissum
592 374 703 450 fetum,
727 375 932 459 completque
955 375 1106 458 querellis

212 479 421 542 frondiferum
444 499 559 541 nemus
580 477 740 540 absistens
764 488 797 541 et
820 479 932 541 crebra
955 479 1069 542 revisit

211 582 253 644 ad
276 581 440 645 stabulum
463 580 621 643 desiderio
644 581 766 665 perfixa
790 581 925 654 iuvenci,

212 707 270 748 nec
295 693 423 748 tenerae
446 684 557 748 salices
579 694 680 768 atque
704 685 821 748 herbae
845 708 914 748 rore
938 685 1085 770 vigentes

211 787 410 871 fluminaque
432 786 488 850 illa
510 794 636 870 queunt
659 787 794 850 summis
818 786 962 850 labentia
984 786 1063 870 ripis

212 889 372 953 oblectare
395 889 541 953 animum
563 890 771 974 subitamque
793 899 940 954 avertere
963 911 1081 964 curam,

213 1014 272 1057 nec
294 993 469 1057 vitulorum
492 992 575 1056 aliae
597 992 720 1076 species
744 1013 801 1076 per
823 992 943 1077 pabula
966 992 1053 1057 laeta

213 1096 357 1160 derivare
380 1103 506 1181 queunt
528 1095 674 1158 animum
697 1117 838 1180 curaque
862 1096 987 1159 levare:

213 1198 416 1282 usqueadeo
439 1197 593 1282 quiddam
617 1197 782 1282 proprium
806 1206 985 1283 notumque
1008 1167 1173 1324 requirit!

166 1351 169 1355 .
213 1309 380 1385 praeterea
401 1299 506 1364 teneri
528 1299 678 1364 tremulis
700 1322 774 1364 cum
798 1301 930 1364 vocibus
954 1300 1051 1365 haedi

213 1406 393 1491 cornigeras
414 1413 535 1468 norunt
558 1413 678 1469 matres
700 1405 841 1492 agnique
864 1405 987 1490 petulci

126 1533 128 1537 ⁴
214 1507 382 1572 balantum
405 1507 562 1592 pecudes:
588 1507 643 1584 ita,
666 1507 753 1593 quod
775 1516 894 1571 natura
916 1507 1063 1593 reposcit,

214 1612 255 1676 ad
277 1634 336 1676 sua
357 1612 494 1697 quisque
517 1612 583 1676 fere
605 1611 781 1675 decurrunt
804 1611 905 1676 ubera
927 1591 1040 1709 lactis!

214 1725 375 1801 postremo
398 1715 535 1801 quodvis
557 1716 757 1780 frumentum
780 1737 845 1778 non
868 1724 980 1779 tamen
1003 1737 1098 1780 omne

215 1819 334 1903 quique
356 1840 415 1882 suo
436 1839 554 1904 genere
576 1817 664 1881 inter
685 1839 719 1882 se
742 1817 847 1882 simile
870 1839 938 1882 esse
962 1817 1095 1894 videbis,

215 1922 294 2008 quin
316 1922 510 1986 intercurrat
532 1922 692 2007 quaedam
715 1921 872 1986 distantia
895 1901 1030 2017 formisl
1133 1976 1134 1979 ,

213 2025 470 2110 concharumque
491 2046 595 2110 genus
618 2024 712 2109 parili
734 2024 859 2088 ratione
882 2023 1031 2087 videmus

215 2129 347 2214 pingere
370 2127 495 2192 telluris
517 2127 775 2213 gremiumque
797 2127 948 2190 mollibus
971 2126 1067 2190 undis

214 2232 317 2296 litoris
339 2231 464 2295 incurvi
485 2230 632 2295 bibulam
654 2231 746 2315 pavit
768 2251 888 2314 aequor
912 2207 1088 2344 harenam,

216 2356 314 2418 quare
337 2334 437 2399 etiam
459 2343 558 2419 atque
581 2333 682 2397 etiam
704 2332 803 2397 simili
825 2333 952 2396 ratione
974 2340 1141 2407 necessest,

216 2447 332 2502 natura
354 2437 506 2522 quoniam
529 2444 680 2500 constant
701 2457 807 2520 neque
831 2436 917 2499 facta
939 2456 1038 2499 manu
1061 2445 1138 2498 sunt

217 2542 312 2605 unius
334 2540 376 2604 ad
397 2548 519 2605 certam
543 2542 677 2604 formam
700 2539 875 2625 primordia
896 2543 1014 2614 rerum,

216 2643 364 2708 dissimili
385 2644 471 2708 inter
492 2665 527 2708 se
551 2643 709 2729 quaedam
733 2643 868 2708 volitare
891 2620 1019 2734 figural

259 2747 413 2813 Perfacile
436 2757 485 2812 est
507 2748 567 2812 tali
589 2748 714 2812 ratione
737 2748 899 2812 exsolvere
922 2746 1013 2811 nobis

217 2873 315 2936 quare
339 2852 513 2916 fulmineus
536 2852 640 2916 multo
662 2852 858 2936 penetralior
880 2850 966 2936 ignis

216 2978 313 3040 quam
336 2963 444 3020 noster
466 2955 536 3020 fuat
559 2977 577 3020 e
600 2955 704 3019 taedis
727 2954 935 3019 terrestribus
958 2963 1066 3032 ortus;

216 3058 320 3124 dicere
343 3059 430 3122 enim
453 3058 554 3144 possis
576 3059 749 3123 caelestem
773 3058 918 3122 fulminis
940 3057 1049 3143 ignem

217 3163 370 3248 suptilem
392 3163 496 3249 magis
518 3185 537 3227 e
559 3163 667 3248 parvis
689 3171 835 3227 constare
859 3143 972 3249 figuris
1274 3163 1332 3244 385

131 3453 218 3503 rather
235 3468 292 3502 uses
308 3468 388 3503 nosco.
488 3455 535 3504 359
551 3456 673 3503 absistens
688 3453 737 3503 Ed.
749 3453 790 3502 for
805 3453 936 3503 adsistens.
972 3452 1101 3500 adsidueis
1118 3449 1197 3500 Lach.
1213 3449 1297 3499 which
1315 3451 1337 3500 is

65 3556 68 3560 >
131 3549 193 3598 very
203 3536 281 3587 weak.
317 3535 549 3584 adsisteasBcorr.
562 3535 633 3585 Nico.
646 3535 714 3596 vulg.
824 3534 872 3583 361
884 3536 1003 3595 viqeates.
1039 3535 1148 3582 virentes
1160 3533 1272 3582 Macrob.
1285 3536 1334 3582 sat.

131 3619 193 3666 v12.
278 3617 324 3666 362
337 3618 386 3666 illa
397 3616 442 3664 AB
454 3617 526 3666 Gott.
538 3619 593 3666 ulla
606 3615 719 3666 Macrob.
733 3616 768 3667 l.l.
785 3615 818 3664 ‘B
830 3616 904 3665 corr!
918 3630 976 3677 says
989 3614 1071 3664 Lech.
1104 3617 1127 3664 A
1137 3630 1202 3667 corr.
1218 3631 1246 3666 as
1258 3617 1272 3665 I
1283 3618 1335 3667 and

132 3698 222 3749 Heius.
233 3698 298 3748 have
309 3697 395 3754 noted,
408 3699 496 3748 (lamb.
511 3699 595 3759 vulgo.
690 3698 738 3747 363
750 3700 859 3746 subitam
870 3697 883 3745 1
895 3711 953 3745 now
964 3697 1041 3759 keep:
1060 3711 1101 3746 see
1112 3701 1186 3747 notes
1194 3699 1221 3749 ’2.
1254 3715 1334 3762 samp-

41 3802 44 3808 ’
132 3790 182 3831 tam
198 3781 245 3830 Ed.
265 3781 292 3829 in
312 3783 351 3830 lst
367 3779 407 3830 ed.
440 3782 542 3829 solitam
557 3778 651 3838 Lach.;
669 3779 716 3829 but
732 3779 776 3828 the
793 3794 851 3829 care
868 3778 928 3828 here
945 3779 968 3828 is
986 3779 1058 3840 quite
1074 3781 1186 3832 insolita.
1288 3780 1335 3830 365

131 3875 249 3923 curaque.
282 3861 523 3923 curansqueAcorr.
536 3859 608 3908 Nico.
690 3858 1005 3910 369BalaatumAGott.
1018 3858 1149 3909 Nicaetc.
1183 3860 1335 3908 BalatumB

131 3942 199 3992 Flor.
212 3943 243 3990 31
255 3940 343 3990 Gamb.
355 3943 404 3991 etc.
544 3941 592 3990 371
604 3955 655 3989 aco
665 3947 748 3990 tornea
759 3957 836 3991 omne.
870 3955 920 3989 iton
932 3943 979 4000 ita,
993 3942 1095 3990 Memmi
1105 3940 1195 3990 Bruno
1207 3941 1335 4003 (Harburg

132 4025 204 4081 1372,
216 4039 240 4085 p.
255 4025 292 4087 3l:
310 4023 423 4084 acutely;
441 4022 488 4071 but
500 4037 541 4071 see
553 4027 628 4072 notes
640 4023 663 4073 2.
765 4024 812 4073 372
825 4024 918 4085 quique
930 4021 1011 4070 Lech.
1024 4021 1063 4070 for
1075 4023 1192 4085 quidque.

131 4105 179 4156 376
187 4107 270 4168 pavit.
304 4107 368 4154 lavit
384 4105 484 4154 Nonius
501 4105 567 4153 Mar.
583 4103 641 4154 ald.
659 4105 758 4154 lJunt.
771 4105 861 4156 Lamb.
878 4105 906 4153 in
921 4107 984 4164 text,
999 4104 1045 4154 but
1061 4105 1089 4153 in
1104 4109 1179 4154 notes
1194 4104 1226 4153 he
1241 4105 1336 4167 prefers

10 4237 21 4247 ,
126 4189 210 4250 pavit.
329 4187 376 4236 331
389 4194 424 4235 est
437 4184 778 4235 talihach.forestanimt.
812 4185 1028 4248 estpariliBern.
1043 4189 1090 4235 not
1105 4185 1216 4234 sowell:
1234 4185 1339 4236 thetof

131 4269 180 4316 tali
190 4281 242 4316 was
253 4267 377 4317 absorberi
388 4267 416 4316 in
428 4275 472 4316 est.
506 4268 608 4315 estium
618 4269 699 4316 animi
711 4266 815 4325 Lamb.;
834 4267 881 4316 but
893 4269 973 4316 animi
987 4265 1009 4314 is
1021 4267 1067 4316 out
1078 4265 1107 4315 of
1115 4265 1195 4328 place.

132 4350 179 4400 333
187 4351 249 4412 fact
259 4348 342 4399 Faber
353 4348 405 4398 and
415 4348 501 4400 Bentl.
515 4348 646 4410 forftuct:
664 4348 731 4410 Livy
742 4363 793 4397 xxv
805 4349 835 4397 12
848 4348 864 4396 6
875 4362 937 4396 mss.
950 4347 1089 4410 havefluat
1101 4347 1140 4396 for
1146 4349 1215 4410 fuat.
1289 4349 1336 4399 337
