3008 4800
140 413 142 416 ι
248 385 347 448 quam
370 362 448 427 Grai
471 368 654 424 memorant
677 381 736 424 nec
759 370 870 423 nostra
892 360 998 423 dicere
1024 358 1136 444 lingua

249 465 395 530 concedit
417 465 509 528 nobis
532 464 632 548 patrii
655 464 812 527 sermonis
834 472 970 548 egestas,

248 568 305 632 sed
328 577 438 631 tamen
461 568 563 652 ipsam
587 588 655 629 rem
679 565 805 629 facilest
828 587 988 650 exponere
1014 565 1126 628 verbis.

251 669 416 755 principio,
439 692 546 732 rerum
569 691 667 753 quom
692 668 772 731 dicit
796 667 1067 743 homoeomerian,

250 795 321 836 ossa
342 772 493 837 videlicet
516 796 534 836 e
557 773 710 857 pauxillis
731 780 831 856 atque
855 771 993 835 minutis

251 877 376 941 ossibus
398 877 450 941 hic
472 887 506 941 et
528 878 569 940 de
592 876 745 961 pauxillis
766 883 867 960 atque
892 875 1028 939 minutis

251 980 427 1045 visceribus
450 980 557 1044 viscus
579 979 671 1066 gigni
694 1000 904 1063 sanguenque
927 976 1028 1042 creari

251 1083 418 1169 sanguinis
440 1083 526 1147 inter
548 1104 583 1146 se
606 1082 719 1146 multis
741 1080 926 1145 coeuntibu’
949 1081 1055 1167 guttis

251 1209 291 1250 ex
313 1187 448 1271 aurique
470 1195 567 1271 putat
591 1185 682 1249 micis
705 1186 880 1249 consistere
902 1206 996 1270 posse

252 1313 368 1353 aurum
392 1290 488 1354 etde
511 1290 606 1354 terris
629 1298 749 1354 terram
773 1311 975 1353 concrescere
1000 1289 1116 1374 parvis

253 1392 384 1478 ignibus
407 1415 446 1457 ex
470 1392 563 1479 ignis,
586 1413 733 1456 umorem
756 1391 924 1455 umoribus
947 1413 1025 1468 esse,

254 1505 361 1560 cetera
384 1497 543 1561 consimili
566 1496 662 1583 fingit
685 1496 812 1560 ratione
835 1475 1024 1603 putatque,

184 1629 186 1632 ·
254 1621 313 1663 nec
335 1612 446 1664 tamen
468 1622 537 1664 esse
561 1600 629 1664 ulla
651 1585 745 1685 parte
767 1600 856 1663 idem
880 1600 913 1663 in
936 1600 1034 1664 rebus
1058 1600 1154 1664 inane

254 1702 402 1768 concedit
423 1701 738 1788 neque-corporibus
760 1702 858 1767 finem
882 1725 951 1768 esse
974 1690 1144 1798 secandisl

257 1828 355 1891 quare
378 1807 413 1870 in
436 1815 575 1892 utraque
599 1806 681 1869 mihi
704 1807 828 1891 pariter
849 1809 975 1872 ratione
1000 1807 1131 1872 videtur

262 1932 366 1975 errare
389 1920 488 1996 atque
510 1911 568 1987 illi,
590 1932 689 1995 supra
710 1932 790 1995 quos
813 1909 956 1974 diximus
978 1885 1075 2011 antei

255 2010 338 2076 adde
361 2012 446 2096 quod
469 2012 620 2076 inbecilla
641 2012 740 2075 nimis
763 2011 939 2096 primordia
960 2012 1077 2098 fingit3

256 2115 285 2178 si
307 2117 482 2201 primordia
503 2124 589 2192 sunt,
612 2116 712 2179 simili
735 2137 818 2201 quae
841 2115 990 2200 praedita
1014 2125 1164 2180 constant

256 2228 374 2284 natura
395 2229 494 2305 atque
516 2221 606 2305 ipsae
629 2243 680 2285 res
701 2229 780 2285 sunt
802 2243 971 2306 aequeque
994 2221 1143 2286 laborant

257 2334 291 2388 et
313 2333 452 2409 pereunt
473 2347 579 2409 neque
602 2324 643 2388 ab
665 2324 767 2389 exitio
790 2346 840 2388 res
863 2325 932 2388 ulla
954 2326 1104 2389 refrenat.
1318 2331 1381 2407 850

257 2453 333 2494 nam
355 2428 435 2515 quid
457 2429 491 2493 in
513 2451 667 2514 oppressu
692 2429 799 2492 valido
822 2428 955 2493 durabit
978 2451 1098 2504 eorum,

259 2542 297 2597 ut
320 2541 456 2596 mortem
480 2532 626 2618 effugiat,
649 2532 708 2597 leti
730 2533 792 2597 sub
815 2531 970 2596 dentibus
992 2507 1117 2627 ipsisll

259 2635 344 2722 ignis
365 2659 408 2699 an
431 2658 523 2700 umor
545 2658 589 2734 an
609 2641 712 2701 aura?
734 2636 814 2722 quid
838 2636 976 2700 horum?
997 2614 1155 2739 'sanguen
1177 2659 1219 2701 an
1240 2659 1313 2703 osso
1327 2617 1359 2753 ll

172 2881 242 2944 gives
262 2896 278 2931 a
297 2881 449 2931 far-fetched
468 2881 675 2944 interpretation,
696 2881 805 2931 because
825 2882 858 2930 he
882 2897 941 2944 says
961 2882 1036 2932 Lucr.
1060 2882 1136 2932 could
1158 2887 1206 2932 not
1229 2898 1273 2933 uss
1296 2892 1321 2933 et
1343 2885 1382 2934 for

59 2945 62 2951 i
109 2992 111 2997 ν
171 2967 256 3014 etiam.
404 2965 540 3027 satyrion
557 2963 638 3012 Lach.
656 2963 696 3012 for
713 2979 795 3026 quom.
830 2964 922 3014 Lamb.
942 2964 1016 3013 reads
1034 2965 1193 3027 Principium
1208 2979 1292 3014 rerum
1309 2981 1383 3028 quam

174 3046 227 3096 and
242 3045 312 3108 joina
328 3045 349 3096 it
365 3045 428 3094 with
444 3046 513 3095 what
530 3045 664 3108 precedes:
684 3045 718 3095 he
734 3045 757 3094 is
775 3045 893 3094 followed
910 3046 944 3108 by
961 3046 997 3094 all
1013 3045 1100 3095 before
1117 3046 1195 3096 Lach.
1209 3046 1261 3096 and
1276 3063 1337 3111 may
1352 3047 1383 3097 be

173 3127 251 3191 right.
295 3127 372 3189 ‘quid
388 3127 458 3189 quod
473 3128 511 3176 ita
527 3142 560 3176 ne
580 3127 645 3176 dixit
665 3127 770 3189 quidem
791 3142 902 3188 usquam
922 3127 1068 3189 Lucretius,
1089 3128 1133 3177 sed
1152 3144 1234 3178 rerum
1252 3131 1383 3194 principio

173 3211 249 3262 1740
266 3210 329 3261 1047
347 3224 368 3258 11
386 3210 448 3261 789'
459 3224 518 3271 says
534 3207 613 3258 Lach.
648 3209 705 3268 Yes,
718 3208 827 3258 because
842 3208 884 3258 his
899 3209 1043 3271 priuwrdia
1062 3224 1105 3258 are
1123 3209 1225 3272 plural;
1248 3210 1320 3260 butt
1336 3213 1383 3264 707

172 3291 207 3342 he
223 3291 308 3340 writes
325 3293 361 3340 Et
378 3294 422 3354 qui
436 3294 594 3354 principium
609 3294 749 3354 piperitidis
766 3294 916 3341 cerambus
934 3293 1092 3341 Oomtituere
1110 3293 1138 3340 of
1152 3292 1226 3342 those
1243 3293 1301 3342 who
1316 3294 1383 3344 have

174 3387 223 3423 one
235 3371 443 3434 first-beginning
454 3373 483 3421 ol
492 3370 588 3434 things.
688 3373 736 3421 835
748 3388 761 3421 e
772 3372 846 3421 Pont.
863 3373 929 3421 Mar.
942 3371 997 3422 ald.
1014 3373 1028 3420 1
1041 3372 1057 3420 J
1059 3376 1114 3422 unt.
1130 3373 1169 3421 for
1180 3376 1219 3422 de.

223 3456 270 3506 839
287 3455 336 3503 840
352 3457 596 3516 aurique...ouiam:
620 3469 650 3504 as
667 3454 700 3503 he
717 3454 894 3516 immediately
910 3459 1075 3504 enumeratas
1092 3454 1136 3504 the
1152 3455 1224 3504 three
1240 3456 1316 3506 other
1334 3457 1383 3506 ele·

174 3539 268 3595 ments,
284 3535 371 3585 Bentl.
388 3549 511 3598 proposes
526 3551 785 3598 attruaqw...attrom.
820 3535 897 3596 ‘quid
914 3535 958 3584 hic
974 3536 1086 3584 aurum?
1109 3537 1197 3585 oculos
1214 3538 1288 3586 credo
1305 3537 1383 3586 inter-

175 3622 277 3680 pretum
293 3617 610 3680 praestrinxit...Simplic.
629 3621 718 3667 tamen
735 3618 774 3679 [in
792 3619 871 3667 Arist.
890 3618 965 3681 phys.
984 3618 1028 3666 fol.
1046 3618 1062 3668 6
1078 3618 1105 3680 bl
1122 3618 1153 3668 da
1170 3620 1284 3681 Anaxsg.
1303 3623 1384 3669 πάντα

174 3701 206 3748 τὰ
223 3700 348 3762 ὁμοιομερῆ
365 3701 413 3748 οἷον
431 3702 458 3748 τὸ
477 3702 537 3761 ὕδωρ
552 3699 569 3759 ἢ
586 3702 634 3762 πῦρ
650 3699 667 3759 ἢ
682 3701 773 3761 χρυσόν
791 3700 849 3747 eto)
890 3698 954 3747 This
974 3698 1026 3748 and
1046 3698 1120 3748 other
1136 3714 1256 3761 passages
1273 3715 1341 3750 seem
1358 3703 1384 3748 to

175 3778 268 3829 defend
285 3778 329 3829 the
345 3784 415 3829 text:
439 3795 481 3829 see
498 3784 573 3829 notes
590 3782 620 3829 2:
643 3782 688 3842 yet
704 3794 789 3842 comp.
807 3781 864 3828 853.
981 3782 1029 3829 841
1050 3781 1124 3842 tynis,
1144 3796 1258 3830 certiorem..
1293 3785 1381 3843 tynam,

174 3876 281 3911 aurorem
292 3877 322 3911 ea
334 3861 425 3912 Lamb.
438 3862 490 3911 and
501 3862 545 3911 the
556 3862 622 3923 plur.
637 3862 660 3909 is
672 3862 807 3911 awkward.
941 3864 989 3913 843
1001 3865 1057 3912 ulto
1065 3871 1139 3926 purte
1151 3865 1216 3912 idem
1227 3863 1297 3913 Nice.
1310 3864 1384 3925 vulgo

175 3944 215 3993 ior
225 3945 281 3992 0110
291 3945 358 3994 idem
364 3951 448 4006 parte.
482 3945 537 3992 alla
548 3947 614 3993 idem
626 3959 657 3992 00
665 3953 740 4007 porte
752 3944 832 3993 Laclr.
846 3945 953 3994 because
966 3946 1043 3994 Luci.
1056 3945 1089 3994 he
1104 3961 1163 4008 says
1174 3946 1236 4008 only
1246 3946 1324 3995 omits
1340 3945 1384 3994 the

175 4025 334 4090 proposition
345 4025 420 4074 when
432 4041 448 4075 a
458 4024 568 4088 genitive
580 4025 602 4074 is
614 4025 712 4083 added;
730 4025 778 4075 bnt
789 4028 818 4074 in
829 4028 901 4074 rebus
914 4041 997 4076 seems
1013 4027 1160 4088 equivaleut
1176 4031 1203 4076 to
1218 4041 1282 4076 one:
1300 4041 1383 4088 comp.

175 4109 268 4158 Juven.
277 4122 304 4156 ul
315 4107 362 4158 437
374 4106 528 4169 4010000110
536 4114 611 4169 parte
622 4109 652 4155 ia
663 4111 763 4156 trutiac
773 4110 904 4170 suspendit
917 4110 1060 4158 Horitarum.
1124 4108 1172 4156 846
1183 4109 1226 4156 illi
1236 4122 1313 4169 supra
1325 4123 1385 4170 quos

176 4203 256 4252 marg.
266 4189 336 4237 Flor.
346 4190 377 4237 32
389 4187 447 4236 Ald.
458 4188 471 4235 1
484 4188 556 4236 Junt.
569 4188 609 4237 ior
620 4189 676 4237 illis
686 4191 747 4238 aira
760 4192 826 4251 qrmd
837 4190 866 4245 Α,
877 4205 925 4251 quo
937 4190 958 4237 B
969 4191 1040 4238 Gott.
1067 4191 1122 4237 iliis
1128 4191 1207 4250 y'axta
1218 4191 1284 4250 quod
1296 4189 1385 4239 (lamb.

176 4271 235 4322 Vae.
249 4272 312 4323 1954
324 4269 418 4321 Othob.
427 4274 491 4320 uiris
502 4274 577 4319 iuxta
588 4286 648 4333 quos
659 4271 728 4319 Flor.
738 4273 769 4320 31
782 4273 837 4319 illis
848 4275 923 4320 iusta
934 4271 1000 4331 Aug.
1011 4270 1124 4318 Politian
1137 4270 1164 4318 in
1176 4284 1257 4332 marg.
1266 4270 1334 4319 Flor.
1344 4272 1384 4321 29.

225 4356 272 4404 847
288 4355 407 4403 inbecillo
422 4353 489 4401 Flor.
502 4354 532 4400 31
549 4352 638 4400 Oamb.
651 4352 691 4400 for
706 4354 837 4402 inbecilla.
970 4353 1019 4400 852
1034 4353 1141 4413 effuyiot
1156 4352 1178 4400 B
1192 4366 1257 4400 corr.
1273 4351 1341 4400 Flor.
1354 4353 1385 4400 31

1220 4455 1311 4514 s-u
