3008 4800
263 381 402 446 efficitur
424 382 579 467 quiddam
602 384 797 469 quadratum
820 406 947 469 unaque
971 385 1085 470 figura,

263 485 483 562 conveniebat,
506 486 601 551 utin
624 487 780 572 quadrato
802 488 961 551 cernimus
984 510 1052 552 esse

262 591 437 656 dissimiles
460 592 587 668 formae,
612 592 660 655 ita
681 614 809 657 cernere
831 591 865 655 in
888 613 1025 677 aequore
1048 593 1141 677 ponti

264 703 322 758 aut
344 695 407 758 alio
430 694 464 757 in
487 696 600 780 quovis
625 717 689 759 uno
711 718 854 781 puroque
877 696 981 759 nitore
1081 743 1097 804 q

264 794 435 860 dissimiles
457 797 552 883 longe
575 797 662 862 inter
684 819 717 861 se
740 798 906 882 variosque
929 798 1057 862 colores.

264 906 433 982 praeterea
455 898 502 962 nil
525 899 670 963 officiunt
692 899 885 984 obstantque
908 900 1031 986 figurae

264 999 438 1065 dissimiles
461 1022 525 1086 quo
548 1000 742 1086 quadratum
764 1001 872 1066 miuus
893 1024 987 1067 omne
1009 1003 1053 1066 sit
1075 1012 1186 1082 extra3

264 1111 300 1166 at
322 1103 404 1167 varii
426 1125 534 1168 rerum
558 1104 731 1189 inpediunt
750 1104 987 1190 prohibentque
1010 1105 1128 1169 colores

265 1207 438 1291 quominus
459 1229 529 1273 esse
553 1230 616 1272 uno
638 1209 739 1293 possit
761 1231 810 1272 res
833 1216 902 1272 tota
924 1209 1036 1276 nitore.
1049 1175 1084 1312 ll

309 1310 394 1373 Tum
415 1331 613 1395 porroquae
635 1310 726 1375 ducit
749 1320 783 1375 et
804 1310 909 1375 inlicit
930 1318 969 1374 ut
991 1311 1173 1375 tribuamus

264 1408 432 1495 principiis
454 1432 562 1474 rerum
584 1432 827 1495 nonnumquam
850 1431 946 1473 causa
967 1410 1095 1484 colores,

265 1513 392 1590 occidit,
414 1535 454 1578 ex
476 1513 559 1578 olbis
582 1513 734 1597 quoniam
756 1535 822 1577 non
843 1513 917 1577 albu
938 1522 1095 1590 creantur,

266 1637 326 1680 neo
349 1638 431 1702 quoe
454 1616 548 1702 nigra
569 1615 679 1681 cluent
701 1616 741 1680 de
764 1616 864 1703 nigris
886 1615 942 1680 sed
965 1616 1060 1680 variis
1083 1596 1143 1691 erni

266 1719 387 1805 quippe
410 1719 532 1783 etenim
555 1720 658 1783 multo
680 1719 852 1804 proclivius
873 1719 1058 1784 exorientur

266 1821 403 1886 candida
425 1821 466 1886 de
488 1821 578 1886 nullo
600 1844 698 1906 quam
720 1822 812 1909 nigro
833 1831 911 1886 nata
932 1822 1034 1886 colore
1119 1865 1137 1922 p

267 1933 326 1988 aut
347 1925 410 1990 alio
433 1925 547 2011 quovis
570 1925 627 2009 qui
648 1936 759 1990 contro
780 1934 905 2012 pugnet
928 1933 962 1989 et
983 1897 1110 2040 obstet}

312 2030 482 2094 Praeterea
504 2029 657 2115 quoniam
679 2040 846 2115 nequeunt
868 2029 936 2094 sine
958 2028 1030 2094 luce
1052 2027 1172 2093 oolores

267 2156 335 2198 esse
358 2156 463 2219 neque
486 2133 521 2197 in
543 2133 649 2198 lucem
672 2133 817 2197 existunt
839 2131 1012 2217 primordia
1033 2129 1170 2207 rerum(

266 2237 347 2302 seire
371 2238 447 2302 licet
469 2260 567 2323 quam
590 2238 657 2302 sint
679 2237 767 2302 nullo
789 2236 897 2301 velata
918 2205 1066 2403 colore&>
1158 2293 1172 2356 f

267 2341 371 2426 qualis
394 2342 480 2406 enirn
504 2341 607 2406 coecis
629 2341 749 2425 poterit
771 2341 856 2405 color
876 2362 945 2404 esse
968 2348 1042 2403 tone
1066 2297 1147 2456 risll

266 2444 389 2508 lumine
412 2444 491 2529 quin
515 2445 584 2530 ipso
607 2452 755 2508 mutatur
775 2451 945 2529 propterea
966 2442 1051 2527 quod

266 2555 355 2611 recta
377 2555 436 2611 aut
457 2548 589 2633 obliquo
610 2569 778 2633 percussus
801 2547 871 2611 luce
892 2546 1049 2632 refulget;

266 2649 379 2734 pluma
400 2649 622 2714 columbarum
644 2672 708 2735 quo
731 2658 825 2735 pacto
846 2649 881 2713 in
903 2650 968 2714 solo
991 2648 1129 2723 videtur,

265 2773 349 2836 quae
371 2752 435 2816 sita
456 2752 595 2817 cervices
616 2753 736 2817 circum
758 2753 939 2838 collumque
962 2759 1113 2828 coronat3

264 2878 404 2940 namque
426 2857 505 2921 nlius
527 2858 566 2921 fit
588 2857 639 2922 uti
660 2859 744 2922 eluro
766 2858 809 2922 sit
831 2857 928 2921 rubra
948 2878 1078 2942 pyropo,

263 2958 429 3024 interdum
451 2960 591 3044 quodam
613 2983 708 3025 sensu
730 2960 769 3024 fin
791 2960 842 3025 uti
864 2959 1013 3024 videatur
1064 2997 1080 3067 q

264 3063 351 3127 inter
374 3063 532 3127 curalium
555 3064 666 3128 viridis
690 3065 822 3129 miseere
845 3064 1038 3149 zmaragdos.

265 3167 433 3250 caudaque
455 3167 598 3251 pavonis,
621 3168 709 3254 larga
731 3189 805 3231 curn
827 3167 899 3231 lnce
921 3165 1045 3251 repleta
1069 3172 1128 3238 est,

265 3267 424 3331 consimili
448 3276 556 3332 mutat
579 3270 702 3333 ratione
724 3269 857 3334 obversa
878 3269 1017 3346 colores3

211 3463 257 3512 779
275 3476 375 3524 unoque
386 3463 476 3525 figura
493 3461 563 3512 Nion.
582 3463 737 3526 lorumque
748 3465 855 3526 stouras.
891 3476 991 3524 utruque
1003 3462 1092 3524 stpuru
1107 3469 1143 3510 ert
1159 3461 1229 3510 Flor.
1246 3461 1276 3508 91
1293 3457 1380 3508 Camb.

178 3543 242 3594 Mur.
256 3543 329 3593 lunt.
360 3559 472 3608 uitaeque
478 3547 580 3608 flqurae
591 3545 682 3596 Lumb.
694 3546 760 3595 efter
771 3546 899 3602 Muretus3
917 3548 1019 3593 ‘contro
1031 3542 1246 3592 consuetudinem
1256 3539 1383 3589 Lucretii'

178 3625 330 3688 saysLnoh.
462 3627 510 3677 780
520 3634 550 3676 ut
560 3629 589 3676 iu
601 3626 682 3676 Laoh.
694 3628 734 3677 for
744 3630 785 3676 uti
797 3629 840 3676 iu:
858 3641 899 3676 see
911 3627 965 3675 322.
1106 3626 1153 3676 781
1165 3627 1194 3673 iu
1205 3639 1310 3687 oeqrwre
1323 3622 1382 3672 Ver.

177 3709 241 3758 Ven.
254 3707 367 3756 Politian
380 3708 411 3771 (7)
424 3706 490 3757 Mor.
502 3707 576 3758 Junt.
588 3710 628 3758 for
640 3713 668 3758 iu
679 3725 795 3772 aequora.
896 3709 944 3759 789
955 3709 1047 3756 colores
1059 3706 1129 3756 Nino.
1142 3706 1181 3754 ior
1192 3707 1295 3754 catores.

210 3791 256 3842 785
273 3799 347 3839 extro
362 3805 444 3840 seems
459 3791 531 3853 quite
546 3794 725 3855 appropriate:
742 3792 822 3841 Imoh.
840 3791 913 3840 reads
925 3805 955 3840 er
967 3792 1015 3838 his.
1116 3791 1163 3841 788
1175 3790 1246 3838 ducit
1259 3797 1283 3837 et
1293 3789 1383 3836 inlicit

176 3880 206 3922 ut
223 3875 361 3923 tribuamus
377 3873 468 3923 hamb.
483 3874 536 3923 and
554 3874 665 3925 Turnob.
686 3876 726 3924 for
739 3876 809 3924 ducit
825 3883 849 3924 et
864 3876 967 3928 inlicito
983 3875 1124 3922 tribuamus
1140 3876 1174 3933 (et
1191 3886 1242 3920 om.
1257 3869 1381 3929 ANioo.).

177 3955 248 4003 ducit
258 3956 287 4002 iu
299 3955 399 4003 licitum
412 3961 441 4003 ut
453 3956 592 4004 tribuamus
605 3955 694 4004 (lamb.
727 3963 755 4003 ut
767 3957 885 4004 illuitum
896 3955 940 4002 hoc
953 3955 1090 4001 tribuamus
1102 3952 1165 4000 Mor.
1180 3951 1196 3998 J
1199 3955 1252 4000 unt.

209 4039 257 4089 790
273 4047 391 4087 oreautur
408 4039 479 4088 Nion.
497 4040 538 4088 for
553 4047 661 4089 creatur.
772 4040 817 4090 791
836 4039 886 4087 Neo
903 4053 966 4100 quae
983 4037 1052 4086 Flor.
1071 4038 1101 4085 31
1120 4036 1206 4086 (lamb.
1229 4036 1268 4084 for
1284 4036 1378 4096 Neque.

176 4123 258 4169 variis
274 4135 304 4169 ex
320 4120 395 4170 Wak.
413 4122 453 4170 for
469 4125 551 4171 variis
568 4137 605 4170 eu.
649 4124 752 4170 variato
769 4121 845 4168 Pont.
886 4122 1021 4168 vomuntur
1038 4118 1103 4166 Mar.
1120 4118 1193 4166 Junt.
1236 4120 1340 4165 variant
1356 4131 1384 4166 se

179 4202 235 4252 Alu
252 4205 274 4252 1.
361 4205 410 4252 800
420 4207 535 4267 refulget.
571 4206 675 4267 refutpit
686 4203 766 4252 nach.
866 4203 913 4252 802
924 4203 1038 4263 eervices.
1074 4201 1216 4248 eervioenut
1227 4198 1338 4259 Brieger.

209 4285 257 4334 803
273 4287 351 4333 rubra
367 4286 434 4336 Flor.
455 4288 486 4335 31
505 4286 593 4336 eamn.
615 4286 685 4334 Mon.
704 4285 759 4334 Ver.
780 4285 842 4334 Ven.
860 4285 900 4332 for
915 4284 997 4332 moro.
1097 4282 1145 4330 805
1161 4282 1287 4329 curalium
1304 4278 1376 4328 wan

72 4415 74 4418 .
177 4365 217 4416 for
226 4369 375 4416 caeruleum.
413 4369 462 4418 ‘io
475 4369 612 4433 beryllum'
623 4368 708 4416 Bentl.
866 4365 914 4415 806
926 4367 997 4426 torpa
1008 4378 1062 4412 cum
1075 4365 1129 4412 ture
1140 4362 1210 4411 Nioo.
1226 4362 1248 4409 Β
1262 4376 1326 4411 corr.
1341 4361 1381 4410 ior
