3008 4800
740 207 776 271 II

239 369 318 453 quin
340 369 442 432 etiam
465 368 585 452 passim
609 367 727 430 nostris
749 366 784 430 in
808 366 952 430 versibus
974 366 1052 450 ipsis

240 473 344 536 multa
366 473 529 536 elementa
551 471 641 535 vides
664 471 776 534 multis
799 470 983 535 communia
1005 471 1118 546 verbis,

239 596 312 638 cum
336 584 447 639 tamen
470 575 556 638 inter
578 597 612 638 se
636 596 745 638 versus
768 596 805 639 ao
828 575 926 639 verba
947 597 1077 639 necesse
1100 584 1150 639 est
1290 578 1354 654 690

239 677 410 742 confiteare
434 678 499 741 alia
521 699 561 740 ex
584 677 655 740 aliis
678 685 823 740 constare
845 676 1035 754 elementis3

238 802 302 843 non
325 803 389 864 quo
412 781 518 845 multa
541 802 655 865 parum
678 780 858 843 communis
881 779 991 844 littera
1013 789 1122 843 currat

237 891 296 947 aut
318 884 409 948 nulla
430 884 517 948 inter
538 906 573 947 se
594 883 659 947 duo
681 883 810 946 sintex
833 882 982 947 omnibus
1005 880 1116 957 isdem,

238 984 296 1049 sed
317 986 395 1071 quia
417 1009 481 1050 non
504 987 598 1073 volgo
620 986 711 1072 paria
733 986 883 1050 omnibus
904 986 1012 1050 omnia
1034 994 1189 1050 coustant.

239 1087 285 1151 sic
307 1088 379 1152 aliis
402 1089 436 1152 in
459 1088 555 1153 rebus
577 1087 657 1153 item
680 1088 865 1152 communia
886 1088 991 1151 multa
1290 1091 1352 1169 695

240 1191 418 1256 multarum
441 1214 549 1256 rerum
572 1213 646 1255 cum
669 1191 736 1256 siut
759 1191 941 1276 primordia,
964 1213 1076 1255 verum

239 1293 388 1357 dissimili
411 1303 524 1359 tamen
546 1293 633 1359 inter
654 1316 688 1358 se
711 1293 885 1359 consistere
907 1315 1033 1357 summa

238 1405 394 1481 possunt;
427 1405 466 1461 ut
489 1397 606 1462 merito
628 1420 668 1462 ex
689 1398 763 1463 aliis
786 1407 931 1464 constare
955 1398 1076 1462 feratur

239 1500 418 1564 humanum
440 1522 544 1587 genus
566 1509 601 1565 et
624 1502 733 1589 fruges
754 1502 950 1587 arbustaque
973 1474 1085 1602 laeta}

283 1602 354 1667 Neo
376 1612 488 1667 tamen
510 1604 703 1669 omnimodis
724 1604 850 1669 conecti
872 1627 964 1689 posse
987 1605 1169 1690 putandum
1193 1612 1242 1668 est
1291 1622 1355 1685 700

238 1706 367 1786 omnia;
396 1729 472 1771 nam
495 1706 588 1790 volgo
609 1706 680 1771 fieri
702 1715 854 1792 portenta
876 1707 1008 1783 videres

239 1811 404 1876 semiferas
427 1810 597 1875 hominum
618 1811 741 1896 species
764 1811 903 1877 existere
925 1820 960 1876 et
981 1812 1063 1877 altos

239 1913 404 1979 interdum
427 1936 533 1978 ramos
555 1914 666 2001 egigni
688 1936 819 1999 corpore
842 1914 923 1990 vivo,

238 2017 407 2102 multaque
429 2015 555 2082 conecti
577 2016 743 2081 terrestria
766 2016 911 2090 membra
933 2017 1074 2093 marinis,

239 2128 311 2184 tum
335 2120 499 2185 flammam
522 2128 628 2184 taetro
650 2120 804 2206 spirantis
825 2143 879 2185 ore
902 2121 1087 2186 Chimaeras
1290 2136 1350 2202 705

238 2246 367 2309 pascere
390 2232 541 2288 naturam
564 2245 622 2309 per
644 2231 746 2288 terras
768 2201 1022 2333 omniparentis,

238 2348 375 2411 quorum
396 2327 444 2391 nil
467 2327 537 2391 fieri
559 2327 769 2390 manifestum
791 2333 850 2402 est,
872 2326 980 2390 omnia
1001 2325 1128 2412 quando

238 2430 416 2495 seminibus
438 2430 535 2495 certis
557 2439 646 2494 certa
667 2430 832 2516 genetrice
855 2438 963 2493 creata

238 2556 424 2599 conservare
446 2556 550 2621 genus
573 2534 749 2599 crescentia
771 2556 863 2620 posse
886 2517 1061 2639 videmuss

236 2636 360 2702 seilicet
382 2636 416 2701 id
438 2647 527 2702 certa
549 2637 620 2723 fieri
642 2637 767 2701 ratione
791 2625 979 2746 necessustl
1289 2655 1353 2719 710

237 2764 313 2805 nam
335 2763 396 2806 sua
417 2741 534 2826 cuique
557 2739 638 2805 cibis
660 2763 700 2805 ex
723 2741 873 2804 omnibus
896 2741 985 2804 intus
1007 2740 1041 2804 in
1062 2749 1151 2806 artus

236 2868 367 2931 corpora
389 2845 562 2910 discedunt
583 2867 766 2931 conexaque
788 2846 1008 2911 convenientis

237 2949 382 3014 efficiunt
405 2958 533 3027 motus;
562 2960 598 3013 at
620 2964 731 3014 contra
753 2951 859 3015 aliena
883 2951 1026 3017 videmus

236 3053 355 3117 reicere
378 3053 411 3116 in
435 3061 538 3117 terras
560 3061 720 3127 naturam,
743 3054 912 3139 multaque
935 3055 1035 3120 caecis

236 3158 420 3243 corporibus
444 3158 578 3245 fugiunt
599 3181 617 3224 e
640 3181 770 3244 corpore
792 3159 915 3244 percita
938 3160 1048 3247 plagis,
1288 3173 1347 3239 715

236 3284 318 3347 quae
340 3284 447 3348 neque
468 3263 594 3327 conecti
617 3284 779 3347 quoquam
802 3271 937 3349 potuere
959 3286 1065 3348 neque
1088 3263 1176 3327 intus

237 3366 346 3430 vitalis
368 3374 477 3431 motus
500 3367 681 3431 consentire
703 3376 803 3452 atque
826 3367 954 3431 imitari.

236 3470 292 3534 sed
314 3493 356 3535 ne
379 3470 461 3535 forte
484 3478 581 3556 putes
603 3471 758 3536 animalia
778 3472 845 3536 sola
867 3480 970 3536 teneri

147 3687 176 3739 it.
279 3688 326 3739 693
343 3690 422 3738 isdem
439 3688 529 3739 hamb.
549 3689 588 3738 ior
604 3691 682 3739 idem:
704 3689 786 3751 ‘quod
803 3693 842 3738 est
860 3705 924 3739 sane
942 3689 1170 3752 simplicissimum,
1190 3689 1234 3740 sed
1252 3689 1351 3740 ridetur

148 3769 284 3819 abhorrere
301 3771 334 3820 ab
348 3785 398 3820 usu
415 3771 542 3822 Lucretii¹
560 3788 619 3835 says
636 3772 716 3822 Laoh.
732 3771 790 3822 who
807 3772 881 3822 reads
897 3773 1048 3834 awkwardly
1062 3775 1129 3822 nulli
1146 3773 1186 3822 ior
1202 3774 1282 3829 orella,
1299 3772 1351 3822 and

147 3853 222 3901 ideor.
255 3854 308 3901 But
325 3853 386 3903 here
403 3854 456 3903 and
472 3869 488 3901 v
505 3857 553 3906 349
570 3856 646 3904 Lucr.
665 3855 882 3918 unquestionably
899 3856 960 3904 used
977 3858 1061 3912 isdem,
1074 3870 1103 3905 as
1119 3854 1163 3904 did
1180 3855 1221 3903 his
1237 3860 1349 3905 oontem-

148 3934 270 3996 poraries.
405 3934 454 3984 694
476 3945 592 3986 coartant
615 3936 662 3986 Ed.
688 3937 751 3986 with
774 3937 796 3984 B
817 3936 887 3985 Nico.
900 3937 939 4001 (t),
963 3937 1051 3986 camb.
1074 3937 1143 3986 Mon.
1168 3936 1256 3988 Lamb.
1282 3937 1349 4000 vulg.

147 4023 258 4065 constent
269 4014 350 4064 Laoh.
363 4016 426 4065 with
437 4017 459 4064 A
470 4031 550 4070 corr:
569 4033 610 4067 see
622 4019 678 4069 337.
778 4018 826 4070 696
838 4020 877 4067 ior
892 4034 973 4068 rerum
987 4019 1017 4067 ‘t
1030 4033 1117 4068 verum
1130 4018 1349 4068 G.V·'in1saac's

147 4111 196 4147 ms.
223 4100 309 4148 notes:
327 4097 379 4146 aud
400 4098 485 4152 before
505 4099 560 4148 him
580 4100 672 4157 Pont.;
697 4099 750 4149 aud
767 4115 795 4148 so
815 4100 907 4150 Lech:
929 4104 972 4163 yet
993 4100 1191 4162 lonyeofFlor.
1210 4101 1348 4150 310smb.

149 4178 214 4229 Mar.
233 4194 294 4242 may
305 4179 336 4228 be
354 4179 431 4242 right,
443 4196 472 4230 as
491 4181 536 4230 the
555 4182 637 4232 scribe
656 4183 739 4245 might
751 4184 807 4232 well
823 4183 895 4233 write
908 4185 1048 4246 procer-oia
1065 4199 1147 4232 rerum
1165 4183 1349 4246 mechcnioally

147 4261 216 4310 from
238 4261 283 4311 the
305 4277 374 4311 mere
396 4263 449 4314 fact
471 4263 500 4313 of
521 4264 594 4314 these
614 4265 697 4314 words
720 4280 748 4315 so
771 4266 842 4316 often
864 4267 966 4329 coming
989 4266 1112 4328 together.
1211 4265 1258 4316 716
1281 4269 1349 4316 intuo

147 4342 227 4393 lach.
245 4343 284 4392 ior
306 4346 368 4393 iure.
402 4347 470 4395 inter
486 4345 507 4394 B
525 4360 590 4394 corr.
609 4346 697 4396 (lamb.
732 4351 802 4397 intro
819 4347 907 4400 Nice:
931 4351 1069 4398 consentire
1087 4348 1109 4397 is
1125 4347 1186 4398 here
1203 4347 1344 4398 transitive.
