3008 4800
147 189 211 251 262
734 183 783 247 VI

197 338 353 415 {incidit
375 346 409 411 in
432 346 570 411 calidam
593 354 720 409 maturo
742 345 876 409 fulmine
898 345 1038 424 nubem;

237 471 335 535 quam
358 472 433 513 cum
455 448 619 535 perscidit,
640 448 801 534 extemplo
823 448 910 513 cadit
932 449 1046 535 igneus
1068 448 1123 513 ille

237 561 349 617 vertex
372 575 470 638 quem
494 552 599 638 patrio
621 551 799 616 vocitamus
822 554 950 618 nomine
972 519 1117 648 fulmenl

237 655 297 719 hoc
320 656 358 720 fit
381 656 469 720 idem
492 656 526 719 in
548 655 651 740 partis
675 654 762 732 alias,
785 678 986 741 quocumque
1009 656 1088 721 tulit
1111 626 1181 755 visl

236 759 276 824 fit
299 783 427 845 quoque
451 769 490 824 ut
511 759 675 824 interdum
698 760 788 824 venti
810 761 859 825 vis
881 761 977 825 missa
1000 762 1068 825 sine
1091 762 1159 848 igni

239 864 379 949 igniscat
402 863 567 928 tamenin
591 863 696 948 spatio
718 863 876 950 longoque
900 873 1018 941 meatu,

237 965 316 1029 dum
340 965 439 1042 venit,
463 965 618 1029 amittens
641 963 674 1026 in
697 986 791 1029 cursu
814 987 945 1050 corpora
965 966 1123 1051 quaedem

237 1069 375 1156 grandia
397 1090 481 1153 quae
503 1074 671 1151 nequeunt
692 1066 814 1152 pariter
835 1079 1003 1152 penetrare
1025 1090 1083 1153 per
1105 1091 1216 1147 auras;

236 1181 337 1259 atque
359 1171 424 1234 alia
446 1192 485 1234 ex
508 1170 577 1254 ipso
599 1168 774 1233 conradens
795 1191 868 1234 aere
890 1179 998 1254 portat

236 1276 368 1362 parvola
391 1296 475 1360 quae
498 1274 620 1338 faciunt
642 1273 751 1359 ignem
774 1273 947 1338 commixta
969 1275 1125 1353 volando;

237 1400 302 1441 non
325 1377 390 1441 alia
412 1377 507 1463 longe
529 1375 653 1440 ratione
675 1397 713 1438 ae
733 1375 887 1460 plumbea
908 1398 1002 1461 saepe

238 1480 361 1557 fervida
384 1479 422 1543 fit
445 1479 538 1564 glans
560 1478 594 1542 in
616 1500 719 1554 cursu,
741 1501 814 1543 cum
838 1479 942 1543 multa
963 1480 1077 1566 ligonis

237 1606 370 1668 corpora
391 1581 563 1647 dimittens
584 1581 694 1667 ignem
716 1581 863 1666 concepit
886 1580 920 1645 in
942 1565 1047 1669 aurisl

238 1687 276 1751 fit
299 1708 427 1773 quoque
451 1693 489 1750 ut
511 1685 613 1770 ipsius
635 1685 748 1770 plagae
773 1685 820 1749 vis
842 1686 962 1751 excitet
984 1686 1102 1773 ignem,

238 1790 357 1877 frigida
378 1812 452 1854 amn
475 1788 565 1853 venti
588 1788 714 1874 pepulit
738 1788 784 1853 vis
807 1789 903 1853 missa
924 1789 993 1854 sino
1015 1790 1093 1877 igni,

236 1892 392 1957 nimirum
416 1891 501 1978 quia,
524 1913 598 1955 cum
621 1891 763 1956 vementi
785 1890 923 1976 perculit
945 1893 1022 1969 ictu,

237 1994 400 2059 confluere
424 2016 464 2058 ex
487 1994 556 2079 ipso
578 2002 714 2078 possunt
736 1993 897 2058 elementa
918 1995 1046 2080 vaporis

238 2106 273 2162 et
296 2097 393 2162 simul
417 2119 457 2162 ex
480 2097 536 2161 illa
558 2119 641 2183 quse
663 2105 735 2161 tum
758 2120 808 2162 res
830 2099 950 2183 exeipit
971 2099 1094 2180 ictnm3

239 2208 287 2277 ut,
309 2199 452 2285 lapidem
475 2199 558 2263 ferro
579 2221 653 2263 cum
677 2198 850 2277 caedimus,
872 2202 978 2266 evolat
1000 2201 1094 2288 ignis,

237 2324 307 2377 nec,
331 2300 417 2394 quod
441 2300 558 2388 frigida
578 2300 628 2365 vis
650 2302 765 2379 ferrist,
787 2301 847 2366 hoc
868 2303 970 2367 setius
991 2303 1040 2367 illi

238 2406 364 2472 semina
385 2414 581 2470 concurrunt
603 2405 699 2469 calidi
721 2405 854 2492 fulgoris
876 2407 917 2470 ad
939 2377 1067 2534 ictum]

237 2511 283 2574 sic
306 2510 409 2596 igitur
431 2531 559 2594 quoque
581 2530 632 2572 res
653 2508 784 2572 accendi
806 2508 940 2573 fulmine
962 2508 1068 2585 debet,

238 2621 422 2700 opportuna
443 2613 507 2677 fuit
529 2612 556 2677 si
580 2613 661 2689 forte
684 2620 718 2676 et
740 2612 854 2676 idonea
876 2592 1034 2703 flammis}

239 2738 298 2780 nee
320 2724 444 2780 temere
467 2715 597 2779 omnino
620 2715 715 2799 plane
738 2715 786 2778 vis
808 2716 924 2802 frigida
947 2717 1036 2780 venti

238 2841 308 2884 esse
330 2826 447 2902 potest,
470 2841 509 2882 ea
531 2840 613 2903 quae
636 2825 729 2881 tanta
751 2818 782 2881 vi
805 2819 901 2882 missa
923 2829 1099 2904 supernest,

239 2922 328 3007 quin,
349 2920 440 3006 prius
461 2921 496 2984 in
519 2943 612 2984 cursu
635 2920 663 2984 si
685 2942 749 2984 non
771 2920 956 2985 accenditur
977 2921 1054 3006 igni,

237 3034 273 3087 at
296 3023 458 3108 tepefacta
480 3030 591 3087 tamen
613 3022 721 3086 veniat
743 3023 918 3087 commixta
939 2991 1062 3137 calorel

282 3127 449 3190 Mobilitas
470 3134 580 3190 autem
603 3126 642 3190 fit
664 3125 808 3189 fulminis
830 3135 864 3190 et
886 3127 992 3213 gravis
1015 3128 1107 3204 intua,

239 3239 273 3295 et
296 3230 390 3295 celeri
414 3231 513 3295 ferme
535 3238 730 3316 percurrant
752 3230 888 3294 fulmina
910 3231 1010 3315 lapsu,

238 3334 381 3398 nubibus
402 3335 473 3420 ipsa
494 3334 579 3419 quo'd
602 3333 731 3398 omnino
754 3335 842 3418 prius
864 3335 963 3399 incita
985 3357 1019 3399 se
1042 3335 1089 3399 vis
1290 3354 1330 3416 32
1336 3351 1354 3415 5

151 3517 230 3566 Bern.
246 3515 344 3579 rightly
361 3516 401 3566 for
417 3517 515 3566 valida.
551 3517 685 3578 gravidam
700 3516 785 3566 Bentl.
799 3516 878 3568 Lach.
910 3519 1019 3581 salaciae
1037 3517 1103 3567 Mar.
1118 3516 1176 3565 Ald.
1192 3518 1206 3564 1
1223 3515 1295 3566 Junt.
1315 3517 1357 3567 for

152 3601 269 3648 colmiae.
378 3599 426 3648 298
433 3600 521 3661 patrio
532 3597 600 3648 Flor.
616 3600 646 3647 31
659 3598 842 3649 Gamb.3Vat.
858 3605 906 3650 eto.
920 3601 958 3649 for
968 3603 1060 3662 spatio.
1093 3617 1167 3664 quam
1177 3603 1259 3664 spatio
1273 3601 1358 3664 (quem

149 3683 247 3744 patrio)
260 3680 318 3731 Ver.
334 3680 399 3730 Ven.
433 3681 627 3739 LatioBoorr.,
639 3680 750 3744 perhaps
761 3681 865 3745 rightly.
899 3698 978 3745 prtem.
1012 3685 1079 3746 quod
1089 3681 1276 3732 Gamb.2Vat.
1289 3683 1356 3732 Mar.

153 3759 227 3809 Junt.
238 3759 331 3811 Lamb.
437 3760 485 3808 302
500 3761 568 3808 Dum
577 3762 655 3818 venit,
668 3763 793 3810 amittens.
828 3761 923 3809 ‘Immo
935 3763 996 3810 Cum
1007 3763 1076 3810 venit
1088 3764 1220 3810 amittens:
1237 3760 1356 3822 alioquin

153 3843 238 3892 oratio
255 3857 309 3892 non
327 3842 445 3893 constst'
462 3841 541 3893 Lach.
669 3843 716 3891 308
733 3846 841 3906 emacepit
856 3842 924 3891 Flor.
936 3843 967 3891 31
983 3842 1072 3892 (lamb.
1086 3844 1156 3893 Mon.
1168 3842 1226 3892 Ver.
1239 3842 1302 3894 Van.
1317 3844 1357 3893 for

152 3925 271 3986 cmwipit.
387 3924 435 3974 309
450 3925 531 3986 ipsius
542 3922 606 3972 Mar.
620 3922 677 3973 Ald.
694 3923 793 3973 lJunt.
806 3924 845 3973 for
856 3927 927 3987 ipsis.
1042 3925 1090 3974 315
1102 3927 1145 3974 illi
1156 3923 1236 3973 Lach.
1249 3923 1289 3972 for
1299 3927 1354 3975 ille.

152 4008 202 4055 illa
213 4006 283 4056 Flor.
295 4008 326 4055 31
337 4006 407 4069 vulg.
526 4006 574 4055 320
586 4021 616 4055 aa
628 4021 691 4068 qaae
703 4005 783 4055 Issoh'.
795 4007 850 4056 first
862 4006 902 4055 for
912 4023 944 4056 cx
955 4022 1027 4070 quoe.
1061 4022 1092 4056 ea
1104 4023 1152 4070 quo
1164 4006 1232 4068 vulg.
1245 4005 1360 4057 without-

153 4102 236 4137 aense.
271 4096 344 4138 tanta
355 4091 381 4138 vi
393 4091 470 4138 mim
480 4087 549 4138 Flor.
561 4088 592 4136 31
605 4087 694 4136 camb.
706 4089 721 4134 2
733 4087 791 4137 Vat.
804 4089 878 4138 Pont.
891 4090 930 4138 for
946 4091 1120 4139 motuumissa.
1154 4094 1227 4136 tanta
1242 4089 1355 4137 immissa

152 4172 224 4222 Nico.
236 4172 293 4223 Ver.
332 4180 405 4222 tanta
415 4173 443 4222 vi
454 4173 565 4221 immissa
576 4171 641 4220 Mar.
650 4170 706 4220 Ald.
717 4171 731 4218 1
743 4171 816 4219 Junt.
915 4173 961 4220 321
973 4173 1081 4221 curacii
1093 4170 1161 4218 Flor.
1170 4155 1200 4218 31
1214 4169 1305 4233 (lamb.
1316 4170 1356 4220 for

152 4270 248 4304 cursus.
298 4256 346 4304 323
359 4255 598 4304 Mobilithoorr.
612 4253 700 4303 camb.
713 4257 762 4302 stc.
774 4254 814 4302 for
825 4254 959 4303 Nobilitas.
1012 4254 1060 4302 324
1071 4254 1109 4300 Et
1119 4252 1184 4302 Mar.
1194 4251 1306 4313 Nauger.
1315 4252 1360 4302 for
1399 4317 1401 4321 Ι

153 4339 196 4387 At.
229 4337 435 4389 notanawna
467 4341 617 4400 permanant
628 4335 707 4386 Lech.
716 4335 756 4385 for
765 4343 876 4399 percum.
905 4333 1203 4400 peryantAeorr.Nicc.
1237 4335 1356 4396 iamper·
