3008 4800
692 241 741 304 1v
1266 242 1322 321 165

207 426 282 467 nam
305 425 420 488 neque,
443 402 495 466 uti
518 401 648 477 vitrum,
672 403 757 486 potis
780 411 831 465 est
854 402 1000 478 transire,
1022 424 1124 487 neque
1146 412 1256 467 autern

205 504 328 583 scindi3
357 526 456 589 quam
478 503 629 566 meminit
651 503 740 567 levor
761 513 925 589 praestare
947 482 1110 589 saluteml

207 615 405 696 quapropter
426 606 465 669 fit
487 614 526 669 ut
549 605 624 669 hinc
645 606 739 670 nobis
761 607 932 670 simulacra
953 581 1159 720 redundanti

205 720 241 775 et
263 709 415 795 quamvis
436 708 545 773 subito
568 709 681 793 quovis
703 709 737 772 in
761 718 906 795 tempore
928 732 1089 795 quamque
1268 726 1324 792 155

207 834 275 876 rem
298 820 411 874 contra
432 811 599 895 speculum
623 832 732 895 ponas,
753 820 889 895 apparet
911 813 1034 898 imago;

208 922 368 1000 perpetuo
392 913 493 977 fluere
516 922 555 977 ut
576 934 689 977 noscas
712 935 730 977 e
752 935 883 998 corpore
905 937 1031 979 summo

209 1026 357 1082 texturas
379 1038 488 1080 rerum
511 1016 620 1080 tenuis
643 1017 818 1102 tenuisque
841 1008 993 1120 figurasl

209 1142 286 1208 ergo
308 1120 415 1184 multa
436 1119 528 1184 brevi
549 1119 656 1203 spatio
678 1119 851 1184 simulacra
871 1130 1044 1206 genuntur,

209 1229 248 1283 ut
270 1219 388 1283 merito
410 1218 495 1283 celer
517 1218 568 1282 his
590 1218 687 1282 rebus
709 1218 837 1282 dicatur
858 1209 974 1325 origo.)

209 1330 243 1386 et
266 1321 360 1406 quasi
382 1321 489 1386 multa
509 1320 600 1386 brevi
622 1322 729 1406 spatio
751 1322 956 1386 summittere
978 1322 1075 1387 debet

210 1424 336 1488 lumina
357 1425 404 1489 sol
428 1432 466 1488 ut
488 1433 647 1510 perpetuo
669 1425 736 1490 sint
759 1426 868 1490 omnia
890 1426 993 1511 plena,

209 1523 256 1587 sic
278 1524 319 1587 ab
342 1524 440 1588 rebus
461 1523 543 1588 item
565 1523 664 1588 simili
687 1524 812 1588 ratione
834 1533 994 1590 necessest

210 1627 367 1712 temporis
389 1627 424 1691 in
446 1634 568 1712 puncto
591 1649 699 1691 rerum
722 1628 894 1692 simulacra
915 1629 1059 1693 ferantur

210 1727 315 1792 multa
337 1727 443 1792 modis
464 1726 578 1791 multis
600 1727 635 1790 in
657 1735 791 1791 cunctas
813 1727 958 1813 undique
980 1728 1100 1813 partis3

211 1826 474 1912 quandoquidem
496 1827 664 1912 speculum
687 1849 891 1912 quocumque
913 1827 1112 1893 obvertimus
1134 1829 1204 1905 oris,

210 1952 261 1995 res
283 1931 331 1994 ibi
352 1931 549 2016 respondent
570 1931 670 1995 simili
692 1932 795 1995 forma
815 1941 915 2017 atque
938 1913 1065 2023 colorel

210 2042 380 2121 praeterea
402 2035 496 2099 modo
518 2057 593 2118 cum
615 2035 714 2099 fuerit
736 2035 951 2121 liquidissima
972 2035 1052 2100 caeli

212 2145 400 2223 tempestas,
422 2159 579 2223 perquam
601 2138 711 2202 subito
733 2138 772 2202 fit
794 2138 927 2203 turbida
948 2137 1048 2216 foede,

212 2241 356 2327 undique
379 2241 431 2305 uti
454 2241 604 2307 tenebras
626 2241 731 2306 omnis
754 2242 944 2307 Acherunta
964 2241 1063 2306 rearis

211 2345 345 2430 liquisse
368 2353 403 2410 et
426 2366 559 2432 magnas
582 2346 663 2411 caeli
685 2348 861 2432 complesse
883 2324 1064 2460 cavernas}

212 2472 315 2535 usque
337 2450 418 2515 adeo
440 2457 547 2514 taetra
568 2450 753 2516 nimborum
776 2461 871 2516 nocte
894 2459 1003 2515 coorta

211 2551 392 2637 inpendent
414 2560 504 2617 atrae
527 2552 707 2617 formidinis
729 2576 784 2618 ora
805 2575 961 2638 supeme3

212 2676 350 2739 quorum
374 2653 533 2739 quantula
554 2676 628 2740 pars
649 2655 694 2719 sit
716 2656 822 2740 imago
844 2657 949 2720 dicere
971 2665 1097 2720 nemost

213 2757 270 2842 qui
292 2756 523 2842 possitneque
545 2779 617 2822 eam
640 2759 800 2823 rationem
823 2759 956 2827 reddere
978 2741 1098 2871 dictis!

256 2861 356 2924 Nunc
377 2882 448 2947 age,
470 2883 569 2946 quam
591 2861 689 2926 celeri
710 2872 803 2927 motu
826 2863 996 2927 simulacra
1017 2864 1159 2926 ferantur

212 2972 247 3028 et
269 2987 353 3050 quae
376 2964 541 3029 mobilitas
563 2966 635 3030 ollis
658 2967 865 3031 tranantibus
886 2989 980 3031 auras

212 3069 341 3134 reddita
362 3069 417 3146 sit,
439 3069 534 3156 longo
556 3070 661 3155 spatio
684 3078 723 3134 ut
745 3070 852 3135 brevis
874 3071 961 3135 hora
974 3078 1106 3146 teratur,

212 3174 368 3259 inquam
391 3196 538 3260 quaeque
560 3175 664 3239 locum
689 3175 814 3240 diverso
837 3175 970 3240 numine
994 3175 1142 3250 tendunt,

214 3278 389 3343 suavidicis
410 3278 520 3363 potius
543 3300 640 3364 quam
664 3278 778 3342 multis
800 3279 945 3343 versibus
967 3278 1079 3357 edam3

214 3405 332 3469 parvus
354 3392 394 3446 ut
416 3390 466 3447 est
488 3382 580 3468 cycni
603 3383 716 3447 melior
737 3405 841 3458 canor,
864 3382 918 3446 ille
940 3405 1057 3468 gruum
1080 3403 1176 3466 quam

214 3489 334 3552 clamor
356 3475 392 3551 in
413 3487 568 3552 aetheriis
591 3487 756 3572 dispersus
778 3487 920 3552 nubibus
941 3480 1076 3633 austriq

213 3594 371 3681 principio
394 3615 547 3679 persaepe
570 3594 649 3659 levis
671 3615 721 3658 res
744 3602 843 3678 atque
867 3593 1001 3657 minutis
1109 3634 1111 3638 ν

213 3699 400 3783 corporibus
423 3699 524 3763 factas
546 3697 657 3763 celeris
681 3698 757 3763 licet
780 3720 848 3762 esse
872 3672 1006 3789 vidcrcl

127 3921 183 3972 602.
284 3921 409 3983 152potir
420 3919 547 3970 athach.
560 3920 721 3983 forporaant.
751 3927 914 3968 annotante
927 3918 996 3967 Mon.
1007 3917 1067 3967 Van.
1079 3915 1131 3966 and
1142 3915 1222 3965 henco
1235 3915 1331 3964 Avanc.

127 4001 377 4052 Juntandalleds.
390 4001 567 4052 beforenceh.
612 4005 614 4009 '
702 4002 749 4052 159
762 4008 887 4062 penuaria
902 3999 992 4049 hamb.
1005 4000 1044 4048 ior
1058 4005 1195 4060 parantur:
1212 3996 1273 4046 herc
1288 3999 1332 4046 too

126 4098 143 4134 a
160 4098 296 4146 necessary
312 4083 465 4133 correction.
598 4083 645 4133 167
662 4084 711 4132 Res
727 4085 766 4132 iti
780 4084 803 4131 A
818 4081 870 4132 and
880 4086 950 4131 most
961 4096 1024 4130 mss.
1036 4080 1087 4130 and
1099 4079 1151 4130 eds.
1187 4081 1237 4128 Rea
1247 4078 1332 4128 ribiB

86 4185 90 4191 ·
127 4164 295 4215 (lambven.
308 4163 395 4214 which
410 4161 695 4213 Lachthinlrs‘unica
710 4161 824 4212 verum'.
858 4164 907 4212 Rea
924 4163 972 4211 tibi
989 4161 1041 4210 Gis.
1172 4160 1218 4210 178
1236 4165 1334 4208 uratur

127 4245 205 4295 Pont.
217 4245 291 4295 Junt.
306 4248 376 4295 most
393 4245 514 4309 properly
533 4245 573 4295 for
586 4247 699 4308 santur.
767 4246 815 4295 179
835 4246 939 4293 tendunt
958 4242 1049 4294 Lamb.
1068 4242 1107 4290 lor
1128 4242 1217 4290 tendit.
1251 4239 1331 4289 Iraoh.

126 4331 188 4392 puts
198 4326 252 4378 this
263 4342 336 4377 verse
351 4328 418 4377 after
433 4328 489 4389 175,
504 4327 609 4390 reading
627 4329 722 4385 tendat,
734 4326 788 4378 and
800 4330 905 4376 awarirw
920 4327 959 4376 lor
974 4328 1074 4375 nomiae
1092 4323 1153 4373 with
1169 4323 1233 4373 Mar.
1247 4323 1330 4381 lunt,

127 4407 256 4472 aohange
269 4408 354 4459 which
365 4409 379 4458 I
390 4424 434 4459 am
448 4424 507 4459 now
522 4413 569 4459 not
584 4409 699 4459 inclined
717 4413 743 4458 to
760 4409 892 4470 acquiesce
908 4407 953 4458 in:
971 4422 1012 4456 sea
1031 4421 1051 4456 11
1069 4407 1124 4464 632,
1136 4404 1188 4454 and
1203 4404 1331 4468 Epicurus
