3008 4800
745 217 793 280 IV

245 373 280 436 in
302 396 367 460 quo
389 375 455 440 iam
476 398 594 463 genere
617 387 668 442 est
689 377 765 442 solis
787 377 843 442 lux
865 387 899 442 et
923 399 1021 463 vapor
1042 378 1112 443 eius

245 488 417 564 propterea
439 480 516 565 quia
537 489 615 545 sunt
638 502 657 545 e
679 481 791 566 primis
813 481 898 546 facta
920 481 1053 546 minutis

244 603 328 665 quae
351 583 444 666 quasi
465 584 630 649 cuduntur
650 607 771 671 perque
792 587 874 651 aeris
895 586 1101 651 intervallum

247 706 311 748 non
333 684 488 751 dubitant
510 687 647 752 transire
671 689 819 772 sequenti
840 689 966 753 concita
987 668 1103 775 plaga}

246 788 476 872 suppeditatur
498 789 585 854 enim
608 790 777 854 confestim
800 791 921 856 lumine
943 792 1054 856 lumen

246 900 281 955 et
303 892 397 976 quasi
419 893 544 977 protelo
565 892 755 958 stimulatur
776 894 897 978 fulgere
919 886 1058 1008 fulgur}

245 1003 444 1080 quapropter
464 993 636 1059 simulacra
659 995 729 1080 pari
751 997 875 1060 ratione
896 1019 1024 1062 necesse
1047 1007 1097 1062 est

245 1097 490 1163 inmemorabile
511 1121 570 1184 per
591 1099 735 1184 spatium
757 1107 973 1165 transcurrere
994 1122 1086 1186 posse

161 1263 165 1268 .
246 1199 402 1284 temporis
424 1199 459 1263 in
480 1208 612 1284 punct0,
633 1200 774 1286 primum
796 1201 882 1285 quod
903 1203 1033 1287 parvola
1054 1224 1152 1267 causa

245 1309 296 1365 est
317 1301 429 1385 procul
451 1323 472 1364 a
493 1309 585 1387 tergo
607 1323 691 1386 quae
712 1303 868 1386 provehat
888 1311 988 1388 atque
1011 1303 1177 1388 propellat,

245 1405 331 1490 quod
353 1412 511 1489 superest,
532 1405 591 1469 ubi
613 1414 682 1470 tarn
704 1407 825 1471 volucri
847 1407 980 1472 levitate
1003 1408 1166 1486 ferantur3

246 1509 364 1574 deinde
386 1508 473 1595 quod
495 1531 598 1595 usque
620 1511 701 1575 adeo
723 1504 1022 1596 textura'praedita
1042 1534 1115 1576 rara

246 1612 434 1688 mittuntur,
458 1612 551 1677 facile
573 1621 612 1678 ut
633 1614 765 1698 quasvis
787 1623 954 1699 penetrare
976 1624 1098 1701 queant
1120 1638 1171 1681 res

245 1723 279 1781 et
302 1717 394 1801 quasi
416 1739 606 1802 permanare
627 1740 686 1803 per
707 1719 790 1783 aeris
812 1719 1028 1784 intervallum.
1046 1700 1052 1814 Ι

246 1827 415 1904 praeterea
436 1819 474 1896 si,
496 1842 579 1905 quae
602 1821 734 1906 penitus
755 1824 942 1908 corpuscula
962 1845 1069 1888 rerum

247 1944 287 1986 ex
309 1922 441 2007 altoque
465 1922 548 1987 foras
570 1923 756 2002 mittuntur,
779 1925 852 1989 solis
874 1925 925 1988 uti
946 1925 1002 1988 lux

245 2045 283 2087 ac
306 2045 414 2109 vapor,
437 2024 517 2088 haec
538 2033 660 2109 puncto
682 2036 858 2091 cernuntur
879 2028 968 2112 lapsa
990 2027 1055 2092 diei

246 2148 305 2211 per
326 2134 435 2190 totum
457 2127 539 2192 caeli
560 2128 704 2213 spatium
726 2129 905 2194 diffundere
927 2151 995 2194 sese

246 2254 369 2318 perque
391 2232 498 2297 volare
521 2255 609 2298 mare
631 2256 669 2298 ac
690 2243 792 2299 terras
814 2236 1001 2320 caelumque
1022 2236 1135 2322 rigare,

246 2333 326 2418 quid
348 2356 432 2419 quae
454 2343 532 2400 sunt
554 2336 657 2422 igitur
677 2336 743 2400 iam
764 2336 869 2422 prima
890 2337 994 2402 fronte
1016 2345 1138 2423 parata,

246 2459 320 2500 cum
344 2437 509 2502 iaciuntur
530 2446 564 2503 et
587 2440 740 2504 emissum
762 2461 813 2504 res
833 2441 923 2504 nulla
944 2425 1125 2530 moraturll

247 2564 353 2627 quone
375 2541 466 2607 vides
488 2542 586 2607 citius
608 2543 725 2608 debere
747 2552 781 2607 et
804 2543 929 2629 longius
951 2543 997 2608 ire

246 2645 485 2732 multiplexque
506 2647 568 2712 loci
590 2647 733 2733 spatium
755 2655 969 2713 transcurrere
991 2648 1103 2713 eodem

247 2758 394 2835 tempore
416 2772 480 2835 quo
503 2752 579 2822 solis
600 2751 792 2837 pervolgant
814 2750 937 2814 lumina
958 2751 1081 2816 caelum
1094 2715 1125 2841 ll

246 2853 307 2918 hoc
329 2854 430 2919 etiam
452 2855 488 2919 in
509 2855 622 2941 primis
647 2855 809 2940 specimen
830 2877 943 2919 verum
964 2878 1032 2920 esse
1055 2856 1183 2921 videtur

246 2981 345 3044 quam
368 2959 464 3024 celeri
487 2968 576 3024 motu
600 2981 709 3024 rerum
731 2960 901 3023 simulacra
922 2960 1073 3036 ferantur,

247 3063 334 3148 quod
357 3063 455 3128 simul
477 3086 515 3128 ac
535 3064 678 3149 primum
700 3064 760 3128 sub
783 3063 838 3127 diu
861 3061 1010 3148 splendor
1031 3063 1126 3148 aquai

246 3166 389 3251 ponitur,
412 3168 575 3252 extemplo
597 3168 685 3231 caelo
707 3167 857 3231 stellante
879 3187 990 3230 serena

246 3269 353 3334 sidera
375 3270 571 3355 respondent
593 3271 627 3333 in
649 3292 734 3354 aqua
755 3268 914 3333 radiantia
935 3267 1056 3331 mundi.

247 3372 355 3437 iamne
380 3373 471 3438 vides
493 3373 596 3459 igitur
617 3396 715 3460 quam
737 3380 857 3458 puncto
879 3379 1022 3456 tempore
1045 3371 1151 3456 imago

246 3475 388 3540 aetheris
410 3499 450 3541 ex
473 3476 537 3541 oris
557 3477 593 3541 in
615 3484 774 3541 terrarum
796 3475 920 3540 accidat
942 3478 1034 3538 oras?

247 3600 346 3663 quare
369 3579 469 3644 etiam
492 3587 591 3665 atque
614 3581 714 3645 etiam
737 3579 817 3643 mira
840 3579 958 3642 fateare
980 3585 1139 3642 necessest

159 3817 227 3867 cited
238 3816 266 3867 in
278 3822 352 3868 notes
364 3820 386 3868 2.
519 3820 566 3870 100
577 3820 677 3881 sulpere
689 3819 733 3866 AB
746 3817 817 3866 Nice.
829 3815 896 3864 Flor.
909 3816 939 3864 31
955 3813 1044 3863 Gamh.
1056 3813 1126 3862 Mon.
1139 3815 1154 3862 3
1166 3812 1224 3862 Vat.
1255 3814 1360 3874 sulpure

160 3900 175 3946 2
187 3899 246 3949 Vat.
255 3899 328 3949 Brix.
337 3899 402 3949 Van.
413 3899 479 3952 Mar.
488 3900 635 3950 edsbefore
644 3900 723 3950 Lach.
822 3898 868 3948 195
880 3895 957 3945 Lach.
970 3895 1054 3958 places
1065 3894 1132 3943 citer
1143 3894 1203 3942 205:
1221 3893 1360 3956 Iwrongly

158 3980 276 4032 followed
287 3982 343 4032 him
355 3983 484 4046 formerly.
609 3985 655 4035 199
670 3985 717 4032 203
729 3982 757 4032 in
768 3997 812 4044 my
823 3980 897 4030 small
909 3979 949 4028 ed.
961 3978 975 4026 I
986 3976 1093 4027 allowed
1103 3977 1137 4039 by
1148 3975 1265 4025 accident
1277 3975 1359 4024 Lach-

159 4064 263 4112 mann’s
273 4065 447 4127 punctuation
459 4068 487 4115 to
498 4065 592 4117 stand:
609 4065 638 4115 ο1
651 4079 740 4115 course
752 4063 824 4113 there
835 4060 927 4112 should
939 4059 969 4110 he
980 4073 996 4107 a
1006 4072 1109 4108 comma
1119 4056 1185 4106 after
1195 4059 1218 4106 ai
1230 4056 1282 4106 and
1294 4056 1360 4106 after

159 4146 216 4203 203,
229 4144 274 4195 the
285 4145 407 4208 apodosis
417 4146 561 4209 beginning
572 4151 600 4197 at
613 4149 682 4208 Quid
693 4162 766 4210 qaae.
863 4143 910 4192 203
921 4143 1024 4192 coelunt.
1057 4141 1152 4188 circam
1162 4136 1241 4188 Lach

192 4227 240 4278 206
249 4229 341 4289 Quone.
373 4231 461 4279 Nonae
474 4230 495 4278 B
507 4244 572 4280 corr.
582 4231 658 4280 Pont.
669 4230 732 4279 Mar.
744 4228 813 4289 vulg.
911 4225 958 4274 211
967 4225 1013 4273 diu
1021 4220 1065 4270 AB
1073 4219 1145 4269 Nice.
1174 4222 1232 4270 divo
1238 4221 1306 4284 vulg.
1317 4221 1358 4272 be-

159 4307 213 4357 fore
223 4307 303 4359 Lach.
405 4312 453 4359 213
464 4313 561 4361 maadi.
594 4312 686 4361 mundo
697 4309 777 4360 Lach.
789 4308 835 4358 but
845 4307 913 4366 here,
924 4320 954 4356 aa
965 4319 976 4354 1
988 4302 1050 4352 1060
1061 4297 1114 4348 and
1124 4299 1219 4357 1v418‚
1230 4299 1264 4350 he
1275 4315 1359 4352 seems

159 4391 207 4438 not
219 4392 247 4439 to
259 4390 308 4440 feel
320 4390 379 4441 that
390 4392 466 4443 Lucr.
479 4393 543 4443 calls
554 4393 600 4443 the
610 4391 729 4443 reflected
740 4391 822 4454 image
833 4404 849 4440 a
860 4389 982 4442 mundari
997 4379 1096 4445 aquile
1107 4380 1213 4431 natural
1223 4381 1322 4433 notiora
