3008 4800
155 222 222 285 '108
735 219 772 282 II

244 409 303 450 nec
326 387 433 451 minus
456 387 534 451 haec
556 386 699 450 animum
722 407 910 471 cognoscere
932 407 1025 471 posse
1047 408 1195 472 sagacem

245 512 343 574 quarn
366 511 448 575 quae
472 499 549 554 sunt
570 489 642 553 aliis
664 488 758 552 rebus
780 487 908 573 privata
930 475 1063 578 notare!

289 593 355 658 Sed
377 616 418 658 ne
441 594 523 658 forte
545 603 641 680 putes
664 594 728 657 solo
750 592 887 678 spoliata
908 593 1011 658 colore

245 720 377 782 corpora
399 699 502 782 prima
525 719 663 773 manere,
686 697 785 761 etiam
805 704 931 782 ¹secrete
953 699 1073 782 teporis

245 811 322 864 sunt
344 823 380 865 ac
403 800 529 887 frigoris
551 800 680 865 omnino
702 798 862 882 calidique
885 799 1022 883 vaporis,

244 915 278 968 et
301 903 407 968 sonitu
431 904 542 969 sterila
563 913 598 967 et
620 925 694 968 suco
716 902 825 967 ieiuna
848 902 1004 979 feruntur,

245 1028 304 1071 nec
326 1006 450 1070 iaciunt
471 1006 576 1070 ullum
598 1005 761 1090 proprium
783 1002 825 1067 de
847 1025 977 1088 corpore
999 957 1153 1086 odoreml

244 1110 330 1174 sicut
352 1108 526 1173 amaracini
547 1107 702 1171 blandum
724 1113 912 1191 stactaeque
934 1106 1090 1191 liquorem

243 1224 278 1280 et
300 1215 392 1279 nardi
415 1216 534 1291 florem,
556 1222 667 1278 nectar
688 1211 744 1297 qui
766 1211 898 1276 naribus
920 1211 1018 1284 halat,

242 1341 317 1383 cum
341 1319 443 1384 facere
466 1317 626 1393 institues,
649 1338 722 1380 cum
744 1316 858 1402 primis
880 1337 1033 1401 quaerere
1055 1324 1195 1401 parcet,

243 1421 349 1507 quoad
371 1421 448 1486 licet
469 1442 507 1484 ac
528 1419 629 1504 possis
651 1418 797 1504 reperire,
820 1417 974 1483 inolentis
996 1417 1073 1483 olivi

243 1533 402 1600 naturam,
426 1523 546 1588 nullam
571 1544 653 1609 quse
675 1522 787 1586 mittat
809 1520 942 1585 neribus
963 1543 1086 1595 aurum,

243 1649 342 1713 quam
365 1626 500 1691 minime
522 1634 560 1690 ut
582 1625 684 1710 possit
706 1625 824 1689 mixtos
846 1624 881 1687 in
903 1645 1033 1709 corpore
1056 1622 1168 1688 odores

243 1737 474 1815 concoctosque
496 1749 554 1793 suo
577 1737 779 1793 contractans
801 1726 935 1813 perdere
957 1727 1033 1802 viro,

245 1839 377 1917 propter
399 1831 534 1896 eandem
557 1853 625 1897 rem
647 1831 766 1896 debent
789 1830 964 1915 primordia
985 1853 1094 1895 rerum

244 1957 309 1999 non
331 1934 486 2000 adhibere
509 1957 605 1999 suum
626 1933 802 2021 gignundis
824 1933 923 1999 rebus
944 1933 1073 1999 odorem

244 2055 304 2096 nec
326 2033 478 2110 sonitum,
500 2032 654 2118 quoniam
675 2032 722 2096 nil
743 2033 785 2098 eb
808 2054 842 2096 se
864 2032 997 2098 mittere
1018 2041 1161 2117 possunt,

244 2158 304 2201 nec
326 2136 424 2201 simili
447 2136 571 2201 ratione
593 2157 738 2221 saporem
761 2135 902 2220 denique
924 2157 1122 2220 quemquam

243 2261 304 2304 nec
326 2239 428 2328 frigus
449 2261 555 2326 neque
577 2239 658 2304 item
680 2239 820 2304 calidum
844 2239 1057 2324 tepidumque
1081 2263 1242 2325 vaporem,

243 2351 367 2424 ceters3
400 2365 483 2429 quse
506 2364 580 2408 cum
603 2343 651 2406 ita
671 2349 748 2406 sunt
770 2349 879 2406 tamen
904 2349 943 2406 ut
966 2343 1116 2407 mortalia
1137 2352 1295 2421 constent,

243 2447 333 2511 molli
356 2448 453 2523 lenta,
477 2448 601 2532 fragosa
623 2445 719 2531 putri,
742 2466 820 2510 cava
841 2466 972 2530 corpore
994 2467 1072 2522 raro,

180 2629 182 2632 Α
243 2552 352 2616 omnia
373 2551 440 2616 sint
461 2573 482 2614 a
503 2550 669 2636 principiis
691 2549 839 2614 seiuncta
860 2560 1030 2626 necessest,

243 2654 426 2719 inmortalia
449 2654 476 2718 si
498 2654 646 2718 volumus
668 2653 861 2740 subiungere
884 2653 980 2718 rebus
1047 2668 1049 2671 ’

244 2757 456 2822 fundamenta
478 2756 598 2842 quibus
620 2756 745 2821 nitatur
766 2777 895 2821 summa
917 2757 1051 2836 salutis3

244 2883 285 2926 ne
308 2861 370 2926 tibi
391 2883 443 2927 res
465 2859 599 2925 redeant
621 2860 662 2924 ad
683 2861 786 2924 nilum
810 2860 958 2926 funditus
979 2826 1110 2990 omnesl

288 2963 386 3028 Nunc
408 2985 551 3050 eaquae
573 2964 693 3028 sentire
715 2963 862 3028 videmus
884 2985 1023 3050 cumque
1046 2972 1207 3029 necessest
1296 2965 1355 3046 865

244 3090 284 3132 ex
306 3067 513 3133 insensilibus
536 3077 646 3132 tamen
668 3066 777 3131 omnia
798 3067 970 3133 confiteare
1290 3073 1292 3076 ’

167 3183 169 3186 ’
244 3171 411 3256 principiis
433 3180 587 3236 constare.
631 3192 736 3256 neque
758 3170 791 3235 id
814 3172 997 3236 manufesta
1019 3171 1166 3237 refutant

245 3297 304 3338 nec
326 3283 437 3339 contra
458 3284 615 3361 pugnent,
637 3275 672 3338 in
694 3283 845 3361 promptu
868 3277 999 3362 cognita
1020 3298 1104 3361 quae
1126 3286 1213 3355 sunt,

244 3377 301 3442 sed
324 3378 426 3464 magis
448 3379 519 3464 ipsa
541 3400 637 3441 manu
661 3378 785 3442 ducunt
808 3387 842 3442 et
865 3379 993 3442 eredere
1015 3388 1136 3465 cogunt

244 3504 284 3545 ex
308 3481 523 3558 insensilibus
545 3481 631 3566 quod
654 3480 733 3558 dieo,
755 3480 909 3545 animalia
930 3447 1046 3603 gigni,
1299 3486 1364 3567 870

245 3585 365 3672 quippe
389 3584 497 3650 videre
520 3584 596 3649 licet
618 3584 706 3648 vivos
729 3583 867 3649 existere
890 3606 1016 3649 vermes

245 3699 383 3755 stercore
406 3689 447 3753 de
469 3697 583 3765 taetro,
605 3697 753 3773 putorem
776 3711 851 3751 cum
875 3687 937 3752 sibi
961 3698 1056 3752 nacta
1078 3698 1128 3753 est

158 3878 197 3927 lor
214 3877 379 3940 disperditur.
503 3876 550 3924 841
568 3883 656 3924 notare
672 3875 749 3926 Laeli
768 3875 808 3924 for
824 3883 941 3938 notaque.
1072 3878 1120 3925 845
1138 3880 1226 3927 ieiurm
1243 3878 1313 3927 Flcr.
1331 3881 1362 3929 31

159 3960 250 4010 (lamb.
266 3963 316 4009 etc.
333 3959 372 4009 sor
390 3965 414 4007 et
429 3974 490 4007 una.
629 3958 677 4007 846
686 3959 823 4020 propriam.
854 3960 958 4020 proprio
968 3956 1048 4006 Lech.
1061 3959 1124 4007 with
1135 3957 1210 4009 Junt.
1222 3965 1269 4010 not
1282 3961 1362 4018 Mar.;

159 4044 205 4092 but
221 4056 341 4104 compare
357 4042 414 4090 855.
448 4043 500 4090 ullo
517 4041 591 4090 Pont.
784 4041 833 4090 850
846 4042 935 4103 poesie
968 4043 1037 4103 potis
1054 4056 1079 4089 ee
1097 4041 1188 4091 Lamh.
1206 4042 1302 4094 Lech:
1320 4058 1362 4093 see

159 4129 235 4174 notes
246 4126 272 4173 2.
447 4125 495 4173 853
507 4132 664 4172 contractans
675 4122 763 4180 Lech..
776 4122 829 4172 und
840 4137 911 4173 some
923 4138 985 4174 mss.
999 4124 1026 4173 ol
1043 4124 1160 4174 Priscian
1172 4139 1198 4173 vr
1210 4126 1242 4175 91
1255 4125 1295 4175 for
1306 4141 1363 4177 corr·

159 4213 259 4256 troctas.
296 4213 435 4255 contractos
447 4206 515 4267 vulg.
527 4220 625 4254 servare
639 4205 764 4269 (superare
777 4205 888 4271 Forbig.)
901 4213 926 4256 et
936 4208 1039 4269 perdere
1052 4207 1152 4257 Nonius
1163 4223 1188 4270 p.
1202 4208 1257 4258 188.

191 4289 240 4337 854
257 4289 364 4350 Propter
380 4291 484 4338 earrdem
499 4304 551 4337 rem
567 4287 645 4338 Lech.
666 4291 734 4337 most
751 4288 821 4352 truly
832 4289 873 4339 lor
887 4289 995 4353 Propter
1010 4292 1122 4340 cardon.
1155 4292 1292 4355 Propterea
1310 4299 1365 4342 tarr-

159 4370 215 4418 dem
231 4368 300 4418 Flor.
319 4371 348 4418 31
367 4369 456 4419 camb.
473 4369 549 4426 Mar..
567 4370 702 4432 Propterea
717 4371 816 4421 dmm
828 4369 933 4433 lamb,
951 4369 1080 4435 ehemdly.
1223 4373 1272 4424 860
1288 4375 1365 4424 Molli
