3008 4800
739 215 794 280 III

261 378 419 461 quantula
441 379 546 464 prima
567 388 690 464 queant
712 378 804 444 nobis
827 379 947 444 iniecta
967 378 1051 444 ciere

261 501 391 564 corpora
413 481 581 546 sensiferos
604 490 712 546 motus
734 481 769 545 in
790 504 927 567 corpore,
950 491 1044 546 tanta

261 581 430 646 intervalla
453 592 563 648 tenere
587 583 717 649 exordia
738 585 843 670 prima
863 584 990 648 animai

260 707 336 750 narn
359 709 464 772 neque
486 689 630 774 pulveris
651 689 816 753 interdum
839 690 998 754 sentimus
1019 687 1194 752 adhaesum

260 810 388 873 corpore
411 812 470 855 nee
493 791 647 855 membris
669 792 829 856 incussam
852 792 956 856 sidere
977 798 1108 866 cretam,

260 914 319 956 nec
342 892 494 958 nebulam
516 902 615 958 noctu
638 915 743 978 neque
764 894 875 958 aranei
897 894 1007 958 tenvia
1028 894 1083 957 fila

216 1034 217 1038 =
261 993 358 1058 obvia
378 995 546 1071 sentimus,
570 996 698 1080 quando
721 995 898 1059 obretimur
919 1005 1043 1071 euntes,

262 1118 321 1168 nec
342 1120 459 1183 supera
482 1108 581 1184 caput
603 1098 748 1163 eiusdem
769 1097 920 1162 cecidisse
943 1098 1065 1163 vietam

263 1209 386 1265 vestem
409 1224 468 1266 nec
491 1202 619 1287 plumas
642 1201 751 1265 avium
773 1222 959 1287 papposque
981 1200 1119 1265 volantis

261 1302 318 1387 qui
340 1303 442 1367 nimia
464 1304 599 1368 levitate
621 1303 742 1368 cadunt
764 1303 953 1389 plerumque
975 1302 1144 1388 gravatim,

261 1427 321 1468 nec
342 1406 486 1491 repentis
508 1406 594 1470 itum
616 1405 897 1490 cuiusviscumque
918 1403 1094 1469 animantis

261 1509 420 1573 sentimus
442 1531 502 1574 nec
524 1509 618 1594 priva
638 1509 759 1594 pedum
781 1508 919 1594 vestigia
941 1529 1096 1594 quaeque,

261 1633 391 1698 corpore
413 1635 497 1698 quae
519 1613 554 1677 in
576 1621 686 1678 nostro
707 1612 826 1678 culices
849 1621 883 1676 et
905 1621 1013 1677 cetera
1033 1620 1168 1698 ponunt.

261 1737 364 1800 usqne
386 1714 467 1781 adeo
488 1716 579 1802 prius
601 1723 652 1780 est
674 1716 713 1800 in,
729 1715 823 1780 nobis
845 1715 949 1780 multa
971 1715 1130 1791 ciendum,

263 1839 360 1902 quam
383 1817 561 1903 primordia
582 1818 761 1883 sentiscant
781 1840 934 1882 concussa
955 1818 1077 1883 animai

262 1921 387 1986 semina
408 1923 594 2008 corporibus
616 1922 734 1987 nostris
754 1922 894 1986 inmixta
915 1943 972 2006 per
993 1930 1091 1998 artus,

263 2037 297 2088 et
319 2047 416 2110 quarn
439 2026 473 2089 in
497 2025 548 2091 his
570 2025 750 2090 intervallis
771 2025 951 2090 tuditantia
972 2024 1096 2111 possint

262 2149 448 2194 concursare
470 2130 555 2194 coire
577 2138 612 2195 et
633 2129 804 2194 dissultare
826 2129 972 2198 vicissim

308 2233 351 2297 Et
374 2235 478 2322 magis
501 2244 552 2300 est
574 2233 704 2299 animus
725 2233 806 2298 vitai
827 2234 967 2298 claustra
989 2255 1136 2298 coercens

262 2343 298 2399 et
320 2336 539 2402 dominantior
559 2338 601 2402 ad
625 2338 727 2403 vitam
749 2360 847 2424 quam
870 2339 918 2402 vis
939 2322 1085 2427 animai}

213 2473 215 2477 ν
264 2461 340 2502 nam
363 2440 433 2504 sine
456 2449 566 2506 mente
588 2441 761 2526 animoque
783 2440 899 2526 nequit
920 2441 1059 2505 residere
1081 2461 1139 2526 per
1161 2447 1252 2503 artus

265 2544 418 2628 temporis
440 2545 592 2631 exiguam
615 2552 742 2630 partem
764 2567 837 2630 pars
859 2544 926 2609 ulla
947 2544 1077 2621 animai,
1122 2536 1124 2539 ⁵

265 2644 321 2708 sed
343 2668 448 2712 comes
471 2647 655 2732 insequitur
676 2647 769 2712 facile
791 2655 824 2713 et
847 2647 984 2713 discedit
1005 2648 1040 2711 in
1061 2667 1155 2711 auras
1317 2661 1385 2723 400

264 2758 299 2813 et
321 2751 444 2836 gelidos
466 2761 556 2816 artus
578 2754 614 2816 in
636 2752 695 2817 leti
717 2752 834 2839 frigore
857 2724 1005 2844 linquit}

265 2860 300 2915 at
323 2862 433 2918 manet
455 2854 490 2918 in
512 2854 581 2918 vita
602 2855 656 2919 cui
678 2876 769 2918 mens
791 2855 981 2939 animusque
1003 2828 1176 2943 remansit(

265 2958 412 3041 quamvis
434 2969 485 3023 est
506 2959 627 3023 circum
650 2959 751 3024 caesis
772 2960 857 3023 lacer
878 2958 1021 3044 undique
1044 2956 1197 3022 membris

265 3069 408 3138 truncus,
430 3060 584 3146 adempta
605 3063 715 3126 anima
736 3063 857 3126 circum
880 3061 1096 3146 membrisque
1118 3067 1242 3124 remota

264 3165 345 3229 vivit
368 3174 402 3230 et
424 3166 585 3230 aetherias
607 3166 716 3230 vitalis
738 3166 873 3252 suscipit
895 3149 1015 3263 aurasl
1316 3178 1380 3243 405

265 3269 293 3333 si
315 3292 379 3333 non
402 3270 605 3348 omnimodis,
626 3280 662 3336 at
684 3294 803 3358 magna
824 3279 916 3357 parte
938 3269 1059 3335 animai

265 3372 420 3456 privatus,
442 3381 554 3438 tamen
577 3373 612 3437 in
634 3374 703 3438 vita
725 3382 897 3438 cunctatur
918 3381 952 3437 et
975 3373 1105 3449 haeret;

180 3624 251 3673 Nico.
268 3623 337 3673 Flor.
354 3625 385 3672 31
402 3624 493 3674 (lamb.
511 3624 546 3674 all
562 3624 621 3674 Vat.
639 3626 675 3675 all
692 3625 743 3676 eds.
764 3625 813 3674 bel.
831 3624 920 3674 Lamb.
939 3626 962 3682 3,
981 3623 1033 3674 Gir.
1053 3622 1127 3671 Wak.
1201 3624 1249 3672 378
1266 3620 1318 3671 and
1335 3623 1385 3671 380

176 3708 270 3768 prima.
301 3709 378 3770 pn'vo
394 3707 481 3756 Bentl.
499 3707 578 3758 Laoh.
599 3706 648 3759 Ed.
668 3709 697 3757 in
713 3708 752 3758 ed.
771 3710 803 3759 1:
819 3708 867 3757 bnt
884 3722 925 3756 see
941 3710 1015 3756 notes
1031 3708 1055 3757 2.
1147 3707 1195 3755 383
1212 3707 1301 3754 aranei
1318 3703 1382 3753 Mar.

180 3789 238 3839 Ald.
256 3792 270 3838 1
288 3791 362 3839 Junt.
381 3790 420 3839 for
437 3793 529 3840 arani:
548 3806 590 3840 see
607 3791 688 3841 Lach.
729 3833 732 3839 .
781 3791 960 3842 serrandum
976 3791 1072 3838 Avanc.
1090 3789 1130 3838 lor
1146 3790 1240 3838 ciendo.
1336 3789 1384 3838 392

181 3874 233 3923 and
244 3875 292 3925 393
304 3874 417 3936 wrongly
429 3875 582 3936 transposed
594 3875 629 3938 by
640 3875 705 3924 Mar.
720 3873 773 3923 and
784 3874 813 3922 in
824 3873 860 3922 all
870 3872 982 3921 editions
993 3870 1126 3932 including
1140 3869 1220 3919 Lach.
1236 3869 1313 3917 Bern.
1330 3867 1382 3916 and

181 3955 230 4005 Ed.
242 3957 372 4019 formerly.
422 3957 470 4007 394
482 3959 517 4005 Et
529 3973 606 4019 quoru
617 3959 644 4006 in
658 3959 696 4006 bis
708 3957 850 4005 intervallis
858 3953 938 4003 Lach.
950 3951 1051 4014 soutely
1060 3952 1100 4001 for
1108 3954 1144 4000 Et
1155 3953 1259 4014 quantis
1270 3952 1318 3999 int.
1347 3952 1383 3998 Et

181 4041 502 4101 quamintemallistontis
515 4040 580 4089 Mar.
593 4039 765 4088 Aldllunt.
778 4038 845 4099 vulg.
882 4040 918 4085 Et
930 4038 1008 4085 taretia
1020 4037 1162 4084 interuallis
1174 4033 1247 4082 Wak.
1272 4060 1274 4064 ,
1337 4032 1384 4080 400

180 4129 205 4170 ct
216 4123 323 4170 discedit
333 4120 391 4170 Vat.
407 4122 471 4172 3276
484 4121 549 4171 Mar.
560 4121 618 4170 Ald.
633 4124 645 4170 1
658 4122 674 4170 J
676 4125 731 4170 unt.
744 4121 784 4169 for
794 4119 922 4169 cdirccdit.
1005 4118 1052 4165 403
1064 4119 1157 4165 circum
1168 4115 1235 4164 Flor.
1251 4115 1281 4163 31
1295 4113 1382 4162 (lamb.

181 4212 245 4249 corr.
267 4199 332 4247 Mar.
353 4199 393 4248 for
411 4208 511 4249 metum.
625 4202 674 4248 404
692 4207 784 4249 remota
804 4197 825 4245 B
845 4210 909 4245 corr,
929 4195 1008 4246 Lach.
1028 4193 1332 4250 formaturaque
1353 4194 1383 4248 A,

180 4280 280 4327 remotis
297 4278 366 4340 vulg.
451 4281 498 4328 405
516 4281 651 4329 aetherios.
686 4280 769 4328 amas
786 4277 881 4325 Lacb:
900 4274 1008 4325 without
1025 4287 1077 4335 any
1092 4271 1146 4333 inst
1162 4284 1239 4319 cause
1256 4270 1288 4318 he
1305 4270 1385 4319 alters

182 4358 235 4409 this
254 4361 307 4409 and
326 4376 406 4424 many
425 4377 545 4425 passages
565 4363 594 4411 of
611 4361 693 4423 Virgil
710 4361 761 4411 and
778 4359 866 4409 others
883 4373 917 4409 on
936 4357 981 4407 the
998 4353 1159 4416 assumption
1178 4352 1236 4402 that
1255 4354 1387 4402 aerlierice
