3008 4800
228 399 283 463 ille
305 397 406 462 leonis
429 353 557 460 obedset
580 403 614 456 et
637 393 769 456 horrens
792 390 950 454 Arcadius
972 393 1049 454 sus?
1061 359 1071 480 l

228 502 367 585 denique
389 498 467 583 quid
492 497 610 562 Cretae
633 505 747 558 taurus
771 495 979 578 Lernaeaque
1002 491 1104 576 pestis

228 603 330 687 hydra
353 599 520 664 venenatis
543 606 651 683 posset
675 596 795 659 vallata
818 575 1004 692 colubrisll

228 707 346 792 quidve
369 704 544 787 tripectora
568 699 742 786 tergemini
765 699 814 762 vis
837 698 1000 783 Geryonai

166 931 207 995 30
229 920 320 976 tanto
342 932 438 996 opere
461 909 626 972 officerent
648 906 742 970 nobis
766 904 961 990 Stymphala
983 904 1125 967 colentes

166 1033 207 1096 29
230 1021 264 1077 et
287 1010 454 1076 Diomedis
476 1011 553 1095 equi
576 1010 736 1095 spirantes
759 1007 893 1072 naribus
916 1007 1026 1092 ignem
1308 1017 1361 1082 30.

229 1116 361 1180 Thracis
384 1114 613 1199 Bistoniasque
632 1075 748 1198 ‘bligas
771 1120 872 1197 atque
894 1110 1019 1174 Ismara
1040 1069 1212 1197 propterll

229 1240 390 1303 aureaque
414 1216 634 1302 Hesperidum
657 1237 789 1280 servans
812 1213 974 1300 fulgentia
996 1212 1090 1288 mala,

229 1345 329 1407 asper,
351 1322 467 1386 acerba
489 1332 594 1395 tuens,
616 1319 753 1383 immani
775 1340 907 1403 corpore
929 1338 1060 1404 serpens

229 1425 350 1489 arboris
371 1424 541 1510 amplexus
564 1423 699 1507 stirpem
722 1422 803 1507 quid
826 1421 968 1506 denique
991 1419 1119 1484 obesset

230 1537 360 1614 propter
381 1529 577 1592 Atlanteum
600 1526 678 1590 litus
701 1525 880 1611 pelagoque
903 1545 1025 1599 sonora,
1308 1529 1346 1595 35

230 1654 293 1717 quo
315 1653 420 1715 neque
442 1637 552 1694 noster
573 1629 644 1693 adit
666 1628 839 1713 quisquam
862 1649 922 1690 nec
944 1625 1099 1690 barbarus
1120 1573 1259 1701 audetll

229 1726 342 1800 cetera‘¹
357 1735 399 1799 de
420 1755 540 1821 genere
562 1733 623 1798 hoc
644 1755 728 1818 quae
750 1739 828 1796 sunt
850 1738 1003 1816 portenta
1025 1735 1202 1814 perempta,

230 1840 277 1903 sei
299 1861 363 1902 non
386 1837 473 1902 victa
494 1838 610 1913 forent,
632 1836 711 1922 quid
735 1835 869 1900 tandem
893 1833 966 1898 viva
987 1811 1183 1924 nocerentll

230 1942 285 2018 nil,
308 1950 346 2006 ut
368 1940 497 2043 opinqr:
527 1940 576 2004 ita
598 1940 640 2004 ad
662 1939 815 2004 satiatem
838 1946 926 2002 terra
948 1938 1088 2000 ferarum

230 2068 316 2110 nunc
338 2016 559 2109 uindicias
582 2051 616 2107 et
639 2041 766 2128 trepido
790 2049 912 2105 terrore
934 2038 1060 2124 repleta
1081 2044 1132 2102 est
1307 2049 1352 2112 40

231 2147 289 2235 per
311 2171 440 2213 nemora
462 2170 500 2212 ac
522 2155 650 2211 montes
672 2167 807 2232 magnos
829 2145 990 2229 silvasque
1012 2141 1205 2228 profundas3

232 2274 314 2337 quae
337 2251 405 2315 loca
428 2249 556 2314 vitandi
577 2249 769 2334 plerumque
792 2255 843 2312 est
865 2255 976 2312 nostra
997 2216 1166 2331 potestasl

233 2364 267 2419 at
289 2355 351 2419 nisi
372 2361 582 2440 purgatumst
604 2361 726 2437 pectus,
750 2373 834 2436 quae
857 2350 979 2436 proelia
1000 2348 1094 2413 nobis

94 2534 95 2537 Ἴ
128 2503 134 2512 ,
232 2469 329 2544 atque
353 2459 496 2544 pericula
518 2467 623 2522 tumst
645 2457 783 2543 ingratis
804 2439 1071 2547 insinuandumll

137 2637 139 2641 ἲ
233 2571 374 2648 quantae
397 2571 470 2627 tum
492 2562 646 2626 scindunt
668 2560 834 2625 hominem
857 2543 1049 2645 cuppedinis
1072 2579 1160 2621 acres
1298 2567 1350 2644 Ι45

234 2666 407 2730 sollicitum
430 2687 526 2729 curae
549 2664 729 2750 quantique
751 2662 888 2748 perinde
911 2635 1075 2737 timoresll

234 2768 351 2853 quidve
373 2767 525 2852 superbia
547 2738 704 2852 spidicitia
726 2788 763 2830 ac
785 2733 1008 2868 peitilaiitiatl
1023 2771 1162 2849 quantas

149 2988 218 3052 Nica.
230 2989 270 3039 for
281 2994 387 3041 uocauit.
507 2991 539 3040 29
557 2989 611 3038 loll.
623 2989 689 3039 Mar.
701 2989 759 3037 Ald.
773 2989 786 3036 1
800 2989 816 3038 J
819 2992 875 3038 unt.
888 2987 941 3037 and
952 2987 987 3037 ull
999 2986 1150 3050 succeeding
1161 2986 1214 3036 eds.
1227 2986 1310 3034 invert
1322 2985 1354 3034 30

149 3071 201 3120 and
214 3073 257 3131 31;
275 3072 289 3120 Ι
304 3077 438 3135 transpose
450 3073 482 3123 29
494 3071 547 3121 and
560 3072 605 3121 30:
623 3071 700 3133 again
712 3071 778 3119 Mar.
790 3071 848 3121 Ald.
862 3072 875 3118 1
888 3070 962 3119 tunt.
975 3069 1073 3119 undull
1084 3069 1170 3118 before
1181 3067 1260 3118 Iach.
1274 3067 1355 3116 insert

148 3155 261 3204 between
271 3157 341 3204 nobis
353 3154 406 3204 and
417 3156 569 3219 Stymphala
580 3153 625 3203 the
636 3153 719 3202 words
731 3156 851 3216 aeneisque
864 3156 989 3203 timendae
1004 3155 1132 3216 Unguibus
1147 3153 1272 3202 Arcadiae
1286 3151 1354 3200 volu·

149 3253 209 3288 eres.
242 3239 321 3288 Lech.
334 3239 432 3302 weakly
443 3236 517 3287 reads
528 3244 553 3286 et
565 3251 623 3285 aves
635 3235 675 3284 for
684 3237 763 3285 nobis.
800 3236 814 3284 1
826 3235 938 3285 baveno
950 3235 1029 3285 doubt
1041 3250 1057 3285 a
1068 3249 1139 3284 verse
1153 3233 1202 3282 has
1217 3232 1295 3282 fallen
1310 3232 1355 3280 out

150 3319 237 3370 before
249 3322 280 3371 29
292 3322 354 3382 (30),
367 3318 509 3382 beginning
520 3316 584 3366 with
597 3317 680 3378 Quid:
698 3315 764 3365 such
775 3317 816 3365 lor
827 3317 946 3367 instance
958 3332 988 3367 as
999 3316 1052 3366 this
1065 3317 1133 3378 Quid
1145 3317 1255 3364 volueres
1266 3314 1355 3376 pennis

149 3397 243 3452 aeratis
255 3406 328 3452 invia
338 3411 437 3464 ateana.
545 3402 576 3450 31
597 3401 703 3448 Thracia
715 3399 765 3448 nd.
778 3399 819 3448 for
832 3401 953 3449 Thracia.
990 3401 1114 3448 Thracam
1124 3397 1205 3449 Lach.
1242 3399 1356 3447 Thracen

151 3484 208 3536 Ala
229 3486 243 3533 1
260 3486 347 3534 lunt:
371 3499 413 3533 see
430 3483 520 3534 Gamb.
541 3483 633 3531 Journ.
651 3482 678 3530 ο1
695 3480 760 3542 phil.
778 3495 788 3528 1
805 3497 831 3544 p.
849 3484 890 3530 44.
990 3481 1021 3530 34
1038 3484 1140 3544 stirpem
1157 3481 1228 3530 Mon.
1245 3479 1354 3539 Nauger.

152 3569 250 3632 (stipem
267 3568 331 3616 Mar.
349 3567 435 3632 runt.)
454 3566 494 3616 lor
510 3570 610 3629 stirpes.
722 3567 753 3615 35
770 3569 919 3615 Atlanteum
937 3565 989 3614 Gil.
1008 3565 1182 3630 (Atlantaeum
1198 3562 1287 3611 Lamb.
1305 3559 1356 3608 and

152 3650 263 3701 Turneb.
278 3651 343 3714 first)
357 3651 396 3698 for
411 3653 555 3698 Attaneum.
592 3652 717 3700 Oceanum
730 3657 835 3712 propter
849 3648 921 3696 Nico.
938 3647 1055 3697 followed
1070 3647 1104 3709 by
1115 3661 1207 3708 many:
1234 3647 1357 3694 Oceanum

151 3748 203 3783 was
214 3734 337 3796 probably
348 3734 450 3782 written
461 3733 490 3781 in
501 3732 546 3782 the
557 3733 659 3794 margin
671 3734 699 3781 ο1
708 3731 825 3793 Poggio's
834 3746 883 3781 ms.
896 3735 923 3780 to
932 3730 1036 3794 explain
1045 3731 1198 3778 Atlanteum.
1222 3729 1357 3791 pelayeque

151 3813 244 3862 Lamb.
260 3813 300 3861 lor
313 3815 455 3874 pelagique.
489 3827 579 3860 sonmo
596 3811 665 3862 Nico.
685 3811 742 3876 (not
755 3812 824 3860 Flou
840 3812 871 3859 31
888 3825 918 3859 or
933 3809 1033 3869 (lamb.)
1050 3808 1121 3857 Mon.
1135 3808 1207 3856 Brix.
1221 3806 1278 3856 Ver.
1293 3804 1355 3853 Ven.

151 3894 209 3944 Ald.
223 3897 237 3943 1
249 3895 322 3944 Junt.
338 3895 448 3956 Nauger.
460 3894 541 3943 Lach.
558 3895 598 3944 lor
612 3911 714 3944 severa:
732 3895 753 3944 it
769 3910 822 3943 iras
836 3893 960 3956 probably
975 3892 1003 3940 in
1019 3891 1139 3954 Poggio's
1154 3905 1218 3939 ms:
1236 3889 1310 3938 Pont.
1328 3887 1357 3934 in

152 3992 233 4039 marg.
247 3976 304 4026 ‘alii
319 3980 426 4026 severa’.
526 3979 558 4026 38
576 3980 620 4028 Sei
635 3978 714 4027 Lech.
732 3980 762 4027 Si
779 3979 848 4027 Nioc.
867 3979 908 4026 lor
922 3978 979 4027 Sed.
1081 3976 1113 4023 44
1131 3980 1206 4022 tunut
1221 3970 1299 4021 Lech.
1318 3969 1357 4018 lor

150 4068 217 4111 eunt.
249 4069 306 4109 tune
317 4059 408 4108 Lamb.
422 4059 474 4109 Gis.
487 4060 530 4109 ed.
542 4063 565 4110 1.
595 4061 686 4110 Lamb.
699 4061 892 4111 ed.3remarks
902 4060 983 4109 ‘hunc
992 4060 1078 4108 locum
1088 4059 1311 4109 Zoilus...socutus
1319 4060 1357 4104 est

152 4141 248 4190 tacitus
264 4148 290 4190 et
307 4141 485 4200 dissimulans,
503 4146 637 4203 tamquam
653 4141 784 4204 integrum
801 4141 829 4190 in
846 4141 904 4190 aliis
922 4141 996 4189 libris
1015 4144 1145 4202 repertum
1164 4142 1190 4187 et
1209 4152 1262 4186 non
1282 4151 1297 4185 a
1316 4151 1357 4184 me

152 4223 341 4273 emendetum':
360 4223 413 4272 (111.
426 4223 490 4274 then
498 4224 539 4273 ed.
552 4227 566 4272 2
581 4224 655 4274 reads
669 4227 788 4288 pericula
803 4233 848 4283 est,
861 4223 915 4273 and
928 4238 988 4285 says
1005 4223 1055 4271 ‘sic
1067 4220 1165 4284 scripsi
1180 4221 1208 4268 in
1220 4234 1243 4268 o.
1255 4235 1279 4268 v.
1290 4225 1356 4267 nent.

152 4305 256 4354 Marull.
268 4309 293 4355 et
305 4306 373 4367 vulg.
388 4307 472 4356 tune’:
490 4321 548 4355 now
565 4306 640 4356 when
658 4307 749 4357 bamb.
767 4306 821 4357 had
838 4322 867 4356 so
885 4305 1018 4370 pointedly
1034 4304 1123 4354 drawn
1139 4301 1267 4353 attention
1283 4307 1311 4350 1ο
1328 4300 1356 4358 11,

154 4387 206 4438 eir.
220 4391 291 4437 must
302 4387 367 4437 have
378 4387 442 4438 been
453 4403 469 4437 a
480 4394 550 4440 most
561 4389 699 4452 impudent
710 4390 767 4450 liar,
781 4390 802 4438 11
819 4389 852 4438 he
864 4389 908 4438 did
920 4391 966 4438 not
978 4387 1032 4436 find
1047 4394 1106 4437 tnnc
1121 4386 1149 4435 in
1164 4385 1296 4435 Marullus'
1308 4398 1357 4432 ms.
