3008 4800
756 208 811 272 ΙΙΙ

266 377 323 461 qui
346 374 458 440 melior
480 373 593 438 multis
615 396 713 459 quam
736 383 773 439 tu
796 373 869 449 fuit,
890 371 1044 458 improbe,
1068 334 1186 461 rebusl

265 481 341 545 inde
362 481 418 546 alii
440 480 537 545 multi
559 502 651 566 reges
673 500 844 565 rerumque
866 485 1016 563 potentes

266 585 459 662 occiderunt,
483 585 610 670 magnis
631 584 688 670 qui
709 584 862 669 gentibus
884 581 1122 667 imperitarunt.

264 686 320 751 ille
342 709 470 773 quoque
492 688 571 772 ipse,
593 687 679 752 viam
701 687 757 771 qui
778 679 941 772 quondam
964 706 1022 770 per
1044 704 1131 746 mare
1153 701 1307 766 magnum

267 791 382 855 stravit
404 790 531 876 iterque
554 790 645 856 dedit
668 788 847 875 legionibus
869 788 916 852 ire
939 809 997 872 per
1018 785 1122 849 altum
1300 799 1383 863 1030

265 913 303 956 ac
325 891 462 977 pedibus
483 895 583 958 salsas
605 893 716 958 docuit
736 912 887 977 superare
909 892 1044 954 lucunas

266 1005 301 1061 et
323 998 495 1063 contemsit
518 997 610 1083 equis
632 996 791 1060 insultans
813 1016 981 1059 murmura
1001 992 1102 1079 ponti,

266 1101 389 1167 lumine
411 1102 564 1186 adempto
586 1100 728 1164 animam
750 1093 941 1163 moribunde
963 1119 1093 1183 corpore
1115 1095 1208 1161 fudit.

267 1204 443 1290 Scipiadae,
465 1203 543 1269 belli
565 1204 698 1281 fulmen,
720 1201 928 1289 Carthaginis
951 1201 1069 1277 horror,

266 1330 338 1372 ossa
359 1307 451 1374 dedit
473 1317 579 1373 terrae
601 1307 735 1393 proinde
757 1329 795 1370 ac
816 1306 918 1370 famul
940 1304 1071 1370 infimus
1093 1274 1199 1392 essetl
1301 1317 1381 1384 1035

266 1411 349 1476 adde
372 1419 551 1497 repertores
572 1408 791 1474 doctrinarum
813 1416 914 1494 atque
936 1408 1091 1495 leporum,

265 1513 349 1577 adde
371 1511 621 1577 Heliconiadum
644 1511 795 1591 comites3
823 1533 961 1597 quorum
983 1531 1067 1575 unus
1090 1509 1250 1573 Homerus

266 1625 393 1703 sceptra
414 1616 539 1702 potitus
561 1616 675 1680 eadem
695 1615 768 1681 aliis
790 1614 907 1701 sopitu'
929 1591 1099 1701 quietem}

266 1719 406 1804 denique
429 1718 653 1784 Democritum
675 1726 847 1804 postquam
869 1728 1000 1784 matura
1021 1726 1166 1783 vetustas

265 1823 436 1888 admonuit
458 1845 616 1888 memores
638 1832 745 1889 motus
767 1824 973 1911 languescere
995 1822 1122 1900 mentis,
1299 1839 1383 1899 1040

267 1935 382 2013 sponte
403 1949 464 1991 sue
486 1928 552 1992 leto
573 1935 673 2014 caput
695 1927 809 1992 obvius
831 1927 953 2014 optulit
975 1910 1067 2032 ipsel

267 2030 335 2114 ipse
359 2031 520 2116 Epicurus
542 2030 613 2095 obit
634 2030 768 2096 decurso
792 2031 915 2095 lumine
937 2030 1034 2108 vitae,

267 2133 324 2220 qui
345 2155 449 2220 genus
472 2134 651 2199 humanum
674 2135 804 2221 ingenio
826 2134 993 2220 superavit
1014 2141 1049 2198 et
1071 2133 1174 2198 omnis

267 2236 443 2313 restincxit,
465 2236 576 2302 stellas
598 2246 728 2302 exortus
749 2246 789 2302 ut
809 2237 976 2303 aetherius
998 2218 1076 2325 soll

267 2349 305 2406 tu
328 2363 403 2405 vero
425 2340 591 2405 dubitabis
614 2349 648 2406 et
670 2341 880 2428 indignabere
903 2319 1032 2431 obirell
1301 2354 1380 2421 1045

267 2452 395 2509 mortua
417 2445 470 2508 oui
493 2445 562 2509 vite
583 2453 633 2510 est
655 2449 754 2531 prope
776 2445 843 2509 iani
866 2445 939 2510 vivo
961 2454 1061 2531 atque
1083 2444 1214 2520 videnti,

212 2539 214 2543 ’
268 2549 324 2635 qui
346 2571 457 2614 somno
480 2557 606 2634 partem
629 2549 782 2615 maiorem
806 2549 945 2637 conteris
967 2549 1059 2631 aevi

267 2662 301 2718 et
324 2653 462 2741 vigilans
484 2653 596 2718 stertis
619 2677 678 2719 neo
698 2655 824 2719 somnia
845 2676 975 2721 cernere
997 2675 1100 2720 cessas
1177 2704 1178 2708 ,

267 2752 502 2840 sollicitamque
524 2758 610 2842 geris
632 2779 720 2821 cassa
742 2757 912 2822 formidine
935 2765 1078 2823 mentem

267 2881 326 2923 neo
349 2859 489 2946 reperire
510 2869 604 2945 potes
628 2860 689 2925 tibi
710 2859 790 2947 quid
812 2861 856 2926 sit
879 2884 975 2947 saepe
997 2860 1083 2938 mali,
1105 2883 1177 2924 eum
1300 2873 1399 2940 1050·

267 2963 376 3028 ebrius
398 2963 523 3049 urgeris
546 2963 659 3028 multis
681 2964 779 3029 miser
801 2965 946 3051 undique
968 2964 1052 3029 curis

266 3074 366 3151 atque
387 3067 489 3132 animi
511 3067 633 3132 incerto
656 3067 788 3132 fluitans
810 3091 915 3149 errore
938 3040 1101 3157 vagaris'l
1183 3061 1185 3065 ¹
1278 3135 1282 3140 ,

310 3169 348 3234 Si
368 3179 500 3256 possent
522 3171 677 3249 homines,
699 3172 833 3258 proinde
855 3195 893 3237 ac
915 3172 1035 3237 sentire
1058 3171 1209 3236 videntur

266 3274 392 3358 pondus
414 3274 518 3339 inesse
540 3276 757 3362 animo'quod
779 3299 814 3342 se
835 3277 997 3364 gravitate
1020 3277 1144 3362 fatiget,

181 3450 251 3501 Nico.
264 3453 321 3517 (not
332 3451 400 3504 Flor.
413 3453 444 3502 31
460 3466 490 3501 cr
502 3453 601 3517 (lamb.)
615 3454 655 3504 for
665 3471 739 3519 cuper
749 3458 795 3506 ire.
829 3456 908 3507 Lach.
921 3455 1036 3505 encloses
1047 3455 1092 3506 tho
1103 3472 1126 3506 v.
1139 3456 1167 3505 in
1178 3458 1211 3518 []‚
1226 3471 1255 3505 00
1266 3457 1381 3519 wrougly

180 3532 298 3584 retained
308 3534 343 3596 by
353 3533 468 3585 thefirst
479 3534 570 3584 editor.
670 3539 732 3587 1032
744 3541 823 3601 aquia
856 3541 931 3601 aquia
942 3536 1032 3586 Lamb.
1044 3541 1092 3587 etc.
1105 3538 1224 3600 wrongly.

215 3617 278 3666 1033
291 3619 365 3680 fudit
380 3618 456 3668 Pont.
473 3618 539 3668 Mar.
554 3618 611 3670 alu
632 3620 645 3667 l
661 3622 786 3671 suntor
795 3623 875 3684 sopit.
1022 3620 1086 3669 1034
1097 3623 1230 3683 Scipiadae
1240 3621 1285 3669 AB
1300 3621 1380 3672 Lech.

181 3701 313 3762 Scipiades
330 3700 398 3752 Nico.
418 3701 485 3764 vulg.
640 3705 703 3753 1038
716 3707 813 3767 potitae
830 3704 899 3753 Flor.
917 3703 948 3752 31
966 3701 1055 3752 Gamb.
1072 3703 1143 3752 Brix.
1160 3703 1235 3752 Pont.
1256 3704 1320 3756 Mar.
1341 3705 1381 3753 for

177 3783 273 3846 potius.
397 3784 461 3833 1040
472 3801 594 3837 cremona.
631 3802 758 3836 memorem
767 3786 859 3836 Lemb.
961 3785 1024 3834 1042
1036 3787 1087 3834 obit
1097 3786 1166 3835 Flor.
1179 3786 1210 3834 31
1222 3787 1296 3838 Pont.
1312 3787 1376 3839 Mar.

181 3863 221 3912 lor
234 3865 305 3916 obiit.
340 3866 375 3914 iit
388 3865 469 3916 Lech.
503 3870 537 3917 iit
551 3883 601 3917 can
616 3869 727 3932 scarcely
738 3871 769 3918 be
784 3869 847 3918 used
862 3868 890 3916 in
905 3867 959 3918 this
974 3868 1131 3929 unqualified
1145 3883 1201 3930 way
1214 3868 1254 3917 for
1271 3877 1381 3920 000000

179 3956 216 3997 eat
226 3967 234 4010 3
250 3962 298 3996 nor
309 3948 332 3997 is
343 3947 387 3998 tlre
398 3948 517 3999 evidence
528 3949 643 4001 adduced
655 3950 688 4015 by
699 3951 778 4001 Lech.
792 3951 820 3999 in
831 3951 873 3998 his
884 3948 946 4011 long
957 3948 1010 3998 and
1020 3954 1089 3998 most
1100 3949 1203 3998 learned
1213 3953 1275 3999 note
1286 3951 1379 4001 suffici·

180 4032 225 4079 ent
236 4033 263 4080 to
276 4029 345 4080 shew
356 4030 415 4080 that
427 4031 504 4080 Lucr.
520 4033 596 4081 could
611 4037 658 4082 not
672 4033 738 4082 have
753 4031 816 4082 used
831 4031 875 4080 the
889 4030 957 4079 form
972 4031 1022 4079 obit
1033 4029 1118 4080 before
1129 4045 1145 4080 0
1155 4035 1316 4083 consonant:
1332 4032 1380 4082 but

180 4125 222 4160 see
232 4115 307 4162 notes
318 4114 342 4161 2.
474 4113 538 4162 1044
555 4117 682 4165 cellarius
693 4114 846 4164 Lactantius
856 4113 930 4161 Junt.
963 4114 1048 4160 aerius
1059 4126 1120 4160 mss
1238 4113 1302 4164 1050
1309 4123 1381 4176 poter

181 4194 229 4242 titi
240 4196 303 4256 quid
313 4194 438 4244 ritLaoh.
450 4195 490 4244 for
498 4204 580 4258 potest
591 4199 628 4246 ibi
640 4198 758 4260 quodrit.
786 4204 857 4259 potes
868 4196 917 4244 tibi
928 4194 995 4256 quod
1004 4196 1039 4242 rit
1050 4193 1115 4242 Mar.
1139 4201 1209 4255 potes
1220 4195 1332 4255 quodrit
1343 4198 1381 4245 ibi

180 4272 268 4323 Nice:
285 4273 366 4324 hence
377 4284 448 4338 poter
459 4279 524 4339 quid
533 4279 568 4326 rit
585 4279 633 4342 tibi
644 4278 712 4328 Flor.
724 4278 756 4326 31
768 4275 857 4326 (lamb.
870 4273 941 4326 Brix.
956 4273 1012 4324 Ver.
1026 4272 1091 4322 Ven.
1102 4272 1199 4323 Arane.
1210 4274 1279 4335 vulg.
1311 4285 1381 4338 poter

179 4357 246 4416 quod
264 4357 299 4406 eit
319 4359 367 4406 tibi
386 4357 459 4408 runt.
480 4358 539 4408 ald.
558 4361 573 4408 2
591 4359 714 4424 wrongly.
843 4354 909 4406 1063
925 4357 1008 4407 niul
1024 4357 1120 4407 m
1134 4353 1225 4404 unt.
1242 4355 1282 4406 ior
1297 4360 1381 4409 ocioso
