3008 4800
696 219 745 283 VI

191 381 278 466 quod
300 381 327 445 si
350 381 502 465 Iuppiter
524 390 624 464 atque
646 379 702 442 alii
726 379 888 465 fulgentia
910 378 978 443 divi

193 483 331 548 terrifico
354 482 508 568 quatiunt
531 481 639 546 sonitu
663 482 815 545 caelestia
838 482 962 566 templa

193 598 227 650 et
250 587 374 650 iaciunt
396 587 506 670 ignem
529 607 593 669 quo
616 586 784 669 quoiquest
807 606 947 669 cumque
970 586 1127 671 voluptas

192 713 250 754 cur
271 691 390 775 quibus
413 690 582 752 incautum
605 688 710 752 scelus
732 689 911 752 aversabile
934 699 1104 774 cumquest
1254 708 1318 772 390

193 817 257 858 non
280 794 404 857 faciunt
426 792 484 856 icti
508 792 655 855 flammas
678 801 716 856 ut
740 793 878 878 fulguris
901 793 1014 857 halent

194 907 323 983 pectore
346 895 477 980 perfixo,
498 894 659 959 documen
682 896 874 960 mortalibus
896 917 978 973 acre,

163 1008 228 1074 tet
250 999 359 1084 potius
381 999 472 1063 nulla
494 999 558 1062 sibi
581 997 670 1083 turpi
693 999 838 1062 conscius
860 999 894 1062 in
917 1020 951 1062 re
1045 996 1047 1000 '

193 1104 334 1167 volvitur
356 1103 391 1166 in
414 1103 554 1166 flammis
576 1103 727 1166 innoxius
750 1103 848 1188 inque
872 1102 1003 1188 peditur

194 1206 325 1271 turbine
347 1206 480 1270 caelesti
503 1206 613 1270 subito
635 1215 802 1291 correptus
824 1216 859 1271 et
881 1207 951 1293 igni
964 1181 992 1282 ll
1254 1221 1313 1289 395

192 1332 249 1374 cur
271 1311 370 1374 etiam
394 1311 463 1374 loca
485 1311 552 1374 sola
573 1318 693 1395 petunt
716 1311 899 1396 frustraque
922 1310 1069 1374 laborant
1083 1266 1111 1398 ll

192 1435 235 1476 an
258 1421 330 1478 tum
352 1413 502 1477 bracchia
523 1421 738 1477 consuescunt
760 1413 955 1498 firmantque
977 1370 1151 1487 lacertosll

142 1542 144 1546 ·
191 1518 227 1582 in
249 1527 400 1603 terraque
423 1518 525 1603 patris
547 1539 604 1581 cur
627 1517 731 1581 telum
754 1517 985 1602 perpetiuntur

191 1601 440 1712 optundillcur
461 1611 537 1705 ipse
554 1619 633 1684 sinit
657 1642 761 1705 neque
784 1621 889 1706 parcit
911 1621 945 1684 in
968 1617 1069 1684 hostis
1083 1579 1112 1705 ll

111 1805 113 1812 k
190 1725 331 1810 denique
353 1747 411 1788 cur
432 1745 612 1808 numquam
634 1724 722 1788 caelo
744 1723 823 1788 iacit
846 1724 990 1808 undique
1012 1746 1093 1808 puro
1248 1741 1314 1804 400
1385 1720 1387 1727 ’

192 1828 343 1914 Iuppiter
363 1827 400 1890 in
422 1836 522 1892 terras
545 1826 669 1890 fulmen
692 1825 882 1912 sonitusque
904 1826 1073 1913 profundit
1086 1801 1113 1915 ll

191 1953 234 1994 an
256 1930 413 1994 simulac
435 1929 539 1993 nubes
561 1950 749 2004 successere,
772 1929 842 2014 ipse
865 1929 900 1992 in
922 1949 976 1993 eas
999 1936 1071 1993 tum

192 2032 368 2109 descendit,
390 2054 490 2118 prope
512 2042 551 2096 ut
575 2031 650 2095 hinc
673 2031 731 2096 teli
754 2031 951 2097 determinet
973 2031 1058 2097 ictus
1072 1997 1105 2110 ll

191 2137 226 2200 in
249 2159 337 2202 mare
359 2159 425 2222 qua
446 2157 539 2220 porro
563 2134 669 2200 mittit
691 2135 840 2200 ratione?
871 2136 950 2222 quid
972 2137 1076 2201 undas

190 2241 301 2327 arguit
323 2249 357 2306 et
380 2240 537 2326 liquidam
560 2240 679 2304 molem
702 2105 895 2326 camposdue
917 2203 1100 2342 natantisll
1250 2256 1312 2322 405

192 2353 360 2429 praeterea
381 2344 410 2408 si
432 2343 504 2408 vult
527 2365 699 2408 caveamus
721 2344 867 2408 fulminis
889 2343 1001 2420 ictum,

192 2471 249 2512 eur
271 2448 403 2513 dubitat
425 2450 528 2512 facere
551 2457 589 2512 ut
611 2447 772 2533 possimus
794 2470 924 2512 cernere
946 2447 1080 2511 missum
1093 2403 1121 2559 ll

191 2552 219 2616 si
241 2574 301 2616 nec
322 2552 487 2638 opinantis
510 2563 621 2616 autem
646 2553 712 2616 volt
735 2552 916 2637 opprimere
938 2552 1016 2638 igni,

192 2678 249 2719 cur
270 2663 363 2720 tonat
386 2678 425 2720 ex
448 2655 505 2720 illa
526 2666 627 2740 parte,
651 2662 689 2719 ut
712 2655 815 2719 vitare
838 2677 1003 2740 queamus

191 2781 249 2823 cur
271 2759 421 2824 tenebras
444 2768 521 2824 ante
544 2768 578 2824 et
601 2759 749 2824 fremitus
771 2767 806 2823 et
828 2780 995 2822 murmura
1016 2759 1121 2823 concit
1134 2718 1164 2850 ll
1248 2775 1314 2839 410

192 2869 226 2924 et
248 2861 345 2926 simul
368 2863 403 2925 in
425 2863 547 2927 multas
569 2862 671 2946 partis
693 2862 750 2946 qui
773 2861 902 2926 credere
923 2861 1025 2946 possis

191 2962 349 3027 mittere?
378 2986 420 3026 an
443 2965 503 3027 hoc
525 2963 613 3028 ausis
635 2985 813 3048 numquam
836 2962 1030 3027 contendere
1052 2962 1183 3040 factum,

193 3078 230 3131 ut
253 3066 368 3131 fierent
391 3067 476 3130 ictus
499 3089 564 3130 uno
586 3066 647 3130 sub
671 3076 816 3152 tempore
840 3040 997 3166 pluresll
1124 3054 1128 3061 ’

191 3179 226 3233 at
249 3177 376 3254 saepest
398 3192 533 3234 numero
557 3170 679 3234 factum
703 3169 837 3255 fierique
860 3177 1029 3246 necessest,

191 3284 229 3337 ut
251 3273 362 3358 pluere
385 3273 420 3336 in
442 3273 555 3337 multis
578 3273 763 3360 regionibus
785 3281 820 3338 et
842 3273 956 3338 cadere
978 3273 1100 3349 imbria
1246 3288 1308 3355 415

193 3377 330 3441 fulmina
352 3378 398 3441 sic
420 3400 485 3442 uno
508 3377 578 3441 fieri
601 3378 662 3442 sub
676 3362 830 3462 ¹ternpore
853 3361 982 3491 multa}

191 3491 353 3565 postremo
376 3504 433 3545 cur
454 3490 566 3546 sancta
587 3482 686 3546 deum
709 3482 844 3547 delubra
867 3505 1006 3569 suasque

192 3586 327 3651 discutit
350 3587 468 3651 infesto
490 3588 670 3671 praeclaras
693 3587 830 3652 fulmine
852 3589 944 3652 sedes

191 3699 225 3755 et
248 3691 330 3755 bene
353 3691 438 3755 facta
460 3691 558 3755 deum
583 3691 704 3777 frangit
727 3691 899 3756 simulacra
921 3692 1051 3777 suisque

189 3794 293 3858 demit
316 3794 512 3878 imaginibus
536 3794 678 3858 violento
703 3795 831 3858 volnere
854 3764 1050 3913 honoremll
1247 3811 1314 3873 420

108 3978 133 4012 as
146 3961 173 4011 in
186 3964 225 4011 88.
335 3964 383 4011 389
396 3977 444 4024 qao
455 3963 595 4024 quoiqaart.
634 3977 682 4024 quo
694 3963 783 4024 cuique
795 3969 832 4011 est
843 3961 913 4012 Flor.
926 3962 956 4010 31
970 3961 1060 4011 camb.
1073 3961 1138 4010 Mar.
1151 3965 1198 4010 etc.
1212 3961 1252 4010 lor
1264 3977 1311 4024 quo

108 4047 213 4107 laqueat.
248 4044 363 4106 voluptas
374 4043 448 4092 Junt.
464 4042 521 4091 first
533 4045 591 4103 (not
602 4042 671 4092 Flor.
686 4044 716 4090 31
729 4056 759 4091 or
770 4042 848 4106 Mar.)
861 4043 901 4092 for
911 4044 1037 4092 voluntas.
1135 4042 1182 4091 401
1195 4043 1313 4105 Iuppiter

108 4130 134 4176 in
146 4134 224 4175 terras
237 4125 306 4174 Nico.
320 4126 341 4174 B
353 4139 418 4173 corr.
432 4126 471 4173 for
482 4127 654 4188 Iuppiterros:
672 4125 719 4175 but
731 4124 794 4174 both
806 4126 828 4174 B
841 4125 893 4175 and
905 4125 975 4177 Nico.
990 4124 1055 4188 apoll
1070 4127 1177 4187 Iupiter.
1263 4127 1311 4175 402

108 4211 158 4272 lpse
170 4211 199 4258 in
210 4223 251 4257 eos
265 4215 316 4257 tum
326 4207 418 4257 Lamb.
428 4207 484 4256 first
496 4207 535 4256 for
547 4210 600 4270 ipae
611 4209 640 4256 ia
651 4215 755 4257 aestum.
783 4210 854 4270 ipsus
865 4210 894 4256 in
905 4215 1001 4257 aestum
1008 4207 1077 4256 Flor.
1086 4208 1116 4254 31
1127 4206 1216 4256 (lamb.
1227 4206 1310 4257 svm.

108 4289 170 4340 Mar.
182 4289 257 4338 Wak.
389 4289 437 4338 406
454 4289 597 4339 Praetereo.
635 4288 891 4352 ProptereaANicc.
924 4289 1015 4338 acolt
1026 4289 1122 4337 Avanc.
1138 4287 1271 4337 Candidus
1282 4293 1310 4339 at

107 4371 155 4421 end
165 4372 193 4421 of
207 4370 281 4420 Junt.
294 4371 404 4433 Nauger.
416 4371 457 4419 for
471 4374 494 4419 oi
508 4373 576 4420 vivit
591 4370 622 4428 Β,
635 4373 657 4420 si
672 4373 740 4421 iuvit
755 4370 785 4428 A,
796 4373 881 4420 celauit
897 4369 967 4420 Nico.
978 4371 1032 4420 sevi
1050 4377 1078 4418 ut
1092 4369 1160 4418 Flor.
1173 4371 1204 4418 31
1219 4370 1308 4420 (lamb.
