3008 4800
741 213 772 279 V

239 399 333 441 umor
353 377 434 442 item
458 377 620 463 quondam
643 377 752 463 coepit
775 398 926 462 superare
949 385 1084 452 coortus

239 488 279 543 ut
302 480 388 543 fama
410 487 469 554 est,
493 479 662 542 hominum
684 478 807 543 multas
829 479 958 563 quando
980 478 1088 542 obruit
1113 436 1234 563 urbisl

240 581 316 645 inde
339 581 397 646 ubi
419 582 468 644 vis
490 581 599 666 aliqua
621 581 747 646 ratione
770 604 881 646 aversa
903 582 1042 659 recessit,

240 706 280 747 ex
302 682 431 746 infinito
455 684 562 747 fuerat
585 705 811 768 quaecumque
833 693 950 759 coorta,

239 785 457 850 constiterunt
480 785 600 850 imbres
622 795 657 851 et
679 786 817 850 flumina
839 787 906 850 vim
929 786 1124 850 minuerunt,

284 888 350 954 Sed
372 888 491 974 quibus
514 889 569 954 ille
593 889 697 953 modis
719 889 885 955 coniectus
907 889 1056 954 materiai

239 990 385 1055 fundarit
407 999 528 1055 terram
551 1000 585 1057 et
607 992 734 1056 caelum
757 992 914 1078 pontique
932 992 1103 1180 profunda,

240 1092 315 1157 solis
338 1093 429 1156 lunai
452 1115 574 1169 cursus
596 1115 637 1158 ex
660 1093 773 1159 ordine
796 1116 922 1180 ponam.

239 1217 315 1259 nam
338 1203 426 1260 certe
448 1218 555 1282 neque
577 1196 711 1261 consilio
734 1195 910 1283 primordia
931 1218 1038 1261 rerum

239 1299 351 1365 ordine
373 1322 408 1365 se
430 1322 490 1365 suo
512 1323 660 1386 quaeque
682 1301 791 1387 sagaci
814 1309 924 1366 mente
947 1300 1093 1364 locarunt

238 1425 298 1466 nec
319 1425 400 1488 quos
423 1424 570 1489 quaeque
592 1403 709 1469 darent
732 1412 841 1468 motus
863 1403 1014 1490 pepigere
1036 1403 1186 1486 profecto,

238 1505 295 1568 sed
317 1503 395 1590 quia
417 1505 524 1569 multa
545 1505 650 1570 modis
672 1505 787 1570 multis
809 1506 985 1590 primordia
1006 1527 1112 1569 rerum

237 1630 277 1671 ex
300 1607 429 1672 infinito
451 1608 517 1673 iam
540 1616 686 1694 tempore
709 1608 834 1695 percita
855 1609 960 1695 plagis
1120 1596 1122 1604 ¹

238 1712 499 1798 ponderibusque
520 1713 588 1776 suis
609 1721 808 1778 consuerunt
832 1713 960 1777 concita
982 1712 1058 1777 ferri

126 1887 128 1892 ,
237 1812 496 1898 omnimodisque
518 1812 603 1877 coire
625 1820 724 1898 atque
747 1811 856 1877 omnia
877 1820 1106 1899 pertemptare,

165 1906 167 1908 ⁵
238 1938 463 2002 quaecumque
486 1915 573 1980 inter
593 1938 628 1981 se
651 1924 783 2002 possent
804 1938 973 2003 congressa
994 1939 1111 1990 creare,

149 2082 155 2095 ,
237 2028 409 2105 propterea
430 2020 469 2085 fit
492 2021 544 2085 uti
567 2043 724 2108 magnum
747 2021 878 2106 volgata
899 2043 959 2106 per
980 2009 1104 2085 aevom¹

238 2145 333 2188 omne
355 2145 459 2209 genus
481 2132 593 2189 coetus
615 2132 650 2188 et
672 2132 781 2189 motus
803 2123 1001 2208 experiundo

238 2226 378 2292 tandem
393 2228 599 2293 conveniant·
612 2251 651 2294 ea
673 2251 758 2314 quae
780 2236 934 2293 convecta
956 2235 1088 2312 repente

238 2353 430 2417 magnarum
452 2353 562 2396 rerum
584 2332 670 2397 fiunt
692 2331 824 2397 exordia
846 2353 950 2416 saepe,

239 2433 338 2498 terrai
359 2433 458 2498 maris
482 2442 516 2498 et
538 2434 620 2499 caeli
642 2434 835 2521 generisque
857 2434 1070 2497 animantum.

280 2536 345 2600 Hic
368 2559 474 2622 neque
496 2546 570 2603 tum
592 2537 668 2602 solis
691 2545 762 2602 rota
784 2537 874 2603 cerni
896 2535 1018 2600 lumine
1040 2535 1128 2621 largo

236 2639 407 2705 altivolans
429 2648 558 2726 poterat
581 2662 640 2705 neo
662 2641 775 2728 magni
796 2640 902 2705 sidera
924 2637 1038 2703 mundi

235 2766 296 2808 nec
318 2766 407 2808 mare
429 2766 489 2809 nec
511 2744 638 2808 caelum
660 2766 721 2808 nec
742 2743 884 2829 denique
907 2751 993 2808 terra
1014 2764 1121 2827 neque
1143 2763 1197 2823 aer

237 2870 296 2912 nec
318 2846 434 2912 similis
456 2846 575 2912 nostris
596 2847 694 2912 rebus
716 2869 772 2912 res.
789 2847 857 2911 ulla
880 2846 989 2922 videri,

235 2949 293 3015 sed
315 2971 399 3015 nova
420 2958 600 3036 tempestas
622 2949 783 3036 quaedam
807 2950 970 3035 molesque
992 2957 1100 3014 coorta

148 3073 214 3135 440
236 3077 331 3119 omne
350 3077 455 3141 genus
477 3057 518 3120 de
534 3055 717 3141 principiis,
740 3054 898 3119 discordia
919 3076 1056 3138 quorum

236 3159 408 3224 intervalla
430 3160 499 3224 vias
520 3155 661 3225 conexus
682 3160 826 3246 pondera
847 3158 959 3245 plagas

235 3285 408 3328 concursus
431 3273 541 3329 motus
564 3263 720 3329 turbabat
741 3263 864 3347 proelia
886 3263 1031 3337 miscens,

148 3472 257 3526 gratum.
290 3469 392 3528 graium
410 3466 527 3531 (gratum)
546 3467 605 3516 Ver.
624 3467 688 3516 Van.
860 3466 909 3518 409
926 3465 974 3514 410
990 3464 1067 3516 Lech
1088 3464 1123 3527 by
1139 3480 1154 3515 a
1172 3468 1274 3527 strange
1291 3466 1352 3515 mis-

148 3545 339 3608 appreheneion
351 3546 450 3596 inverte
460 3546 534 3597 these
544 3561 630 3597 verses
641 3547 694 3597 and
705 3547 746 3596 for
757 3550 809 3596 Aut
816 3554 922 3609 pereunt
934 3545 1007 3595 reads
1018 3549 1054 3595 Et
1062 3553 1176 3609 pereunt.
1304 3548 1352 3596 412

86 3626 90 3633 ’
147 3629 217 3676 artis
231 3626 308 3677 Pont.
324 3629 399 3678 Junt.
416 3629 456 3678 ior
470 3632 554 3679 undis.
588 3629 656 3681 Flor.
675 3631 706 3679 31
723 3629 814 3679 camb.
831 3630 889 3679 Ver.
906 3629 970 3678 Ven.
983 3629 1049 3677 Mar,
1065 3631 1113 3677 etc.
1125 3628 1188 3691 keep
1198 3631 1281 3688 undis,
1298 3631 1351 3680 and

148 3709 188 3758 lor
200 3711 326 3759 hominum
336 3713 428 3760 multus
440 3711 502 3761 read
511 3714 636 3762 hominum
646 3715 744 3762 multos.
811 3715 859 3762 428
879 3714 952 3763 Omne
963 3728 1039 3774 genus
1051 3709 1130 3760 Lech.
1143 3712 1181 3760 ior
1194 3697 1351 3774 Omnipotens.

150 3792 298 3854 omnigenos
315 3793 338 3840 A
354 3806 419 3842 corr.
438 3793 506 3855 vulg.
628 3794 677 3845 429
694 3802 812 3844 convecto
829 3794 908 3844 Lach.
930 3794 969 3842 ior
985 3800 1112 3843 convento.
1151 3795 1180 3841 Τ.
1193 3808 1214 3841 c.
1226 3808 1291 3856 quoe
1306 3795 1351 3843 ubi

147 3887 281 3923 convenere
291 3872 383 3922 hamb.
393 3874 432 3924 ed.
442 3876 471 3936 1;
491 3877 520 3924 Τ.
529 3890 560 3924 ea
569 3891 591 3925 c.
602 3891 666 3938 quoe
677 3883 707 3924 ut
718 3891 851 3925 convenere
860 3875 899 3924 ed.
909 3877 924 3923 2
933 3874 985 3924 and
993 3876 1017 3932 3,
1028 3873 1183 3936 followedby
1192 3874 1351 3934 (heccham.

147 3953 196 4003 430
205 3957 277 4019 fiunt
287 3955 356 4005 Flor.
368 3958 399 4006 31
412 3957 500 4007 (lamb.
517 3958 657 4020 iorflaunt.
690 3974 772 4021 saepe.
784 3974 885 4022 semper,
898 3955 1126 4007 as111062Lach.
1207 3958 1255 4005 432
1272 3959 1350 4020 largo.

146 4039 215 4087 claro
227 4036 340 4088 Macrob.
456 4041 504 4088 433
521 4042 665 4089 Altivoluna
676 4040 754 4090 Pont.
767 4041 863 4090 Avanc.
876 4039 930 4090 and
941 4039 1054 4088 Macrob.
1067 4043 1116 4088 sat.
1129 4053 1156 4087 vr
1167 4039 1182 4086 2
1194 4040 1225 4086 23
1238 4039 1277 4088 ior
1288 4041 1346 4090 Alte

145 4122 241 4170 oolam
277 4122 339 4168 Alto
348 4123 436 4170 volam
448 4121 513 4170 Mar.
526 4122 599 4171 Junt.
665 4124 797 4174 437-442
811 4121 1083 4187 (κο-44333133
1095 4120 1218 4183 arranged
1229 4121 1350 4184 byLaoh.

147 4199 214 4250 after
223 4199 362 4251 Reieaoker
373 4206 472 4263 quaest.
487 4203 577 4261 Lucr.;
594 4203 649 4253 and
659 4203 705 4253 the
716 4205 845 4266 necessity
856 4205 884 4252 oi
899 4203 952 4253 thie
967 4203 1065 4266 change
1076 4202 1099 4251 is
1109 4201 1238 4264 manifest,
1252 4203 1351 4266 though

148 4281 263 4334 Menon.
277 4283 297 4334 l.
312 4284 330 4334 l.
346 4273 477 4348 evidently
491 4285 552 4337 read
567 4285 683 4336 thamin
699 4286 745 4336 the
759 4288 833 4337 order
848 4287 876 4336 in
891 4286 975 4336 which
991 4285 1052 4348 they
1067 4300 1163 4348 appear
1179 4283 1206 4333 in
1223 4298 1271 4334 our
1287 4300 1348 4336 mss.

147 4362 195 4415 See
205 4363 276 4416 what
286 4365 301 4415 1
310 4378 358 4431 say
368 4380 405 4417 on
415 4366 471 4418 this
478 4366 532 4418 and
543 4367 645 4419 similar
657 4368 747 4432 points
758 4385 784 4432 p.
796 4371 835 4420 30.
954 4370 1001 4419 437
1020 4370 1095 4418 Omne
1104 4382 1181 4430 genus
1189 4369 1218 4416 de
1230 4365 1309 4416 Lech.
1321 4382 1350 4417 aa
