3008 4800
725 223 773 286 IV

241 405 338 468 saepe
361 390 472 446 tamen
494 383 748 446 summittuntur
770 384 910 468 virisque
933 366 1120 477 resolvunt}

241 484 361 548 deinde
384 485 493 548 cibum
516 485 665 568 sequitur
688 506 827 563 somnus
850 488 936 571 quia,
958 510 1041 570 quae
1064 489 1140 552 facit
1162 512 1224 564 aer,

241 589 322 651 haec
344 588 456 651 eadem
479 587 580 662 cibus
605 589 639 650 in
662 611 759 652 venas
782 589 861 652 dum
884 591 1009 655 diditur
1030 594 1141 670 omnis,

241 677 412 787 efficit.{et
436 689 539 752 multo
562 711 655 774 sopor
677 690 732 754 ille
754 692 966 776 gravissimus
988 703 1095 758 exstat

241 814 339 877 quem
361 798 452 854 satur
474 802 533 854 aut
556 791 658 855 lassus
681 793 797 878 capias,
820 794 897 877 quia
919 796 1059 879 plurima
1081 805 1150 860 tum
1174 819 1208 861 se

241 916 371 978 corpora
393 894 589 959 conturbant
612 917 729 982 magno
752 904 889 960 contusa
911 884 1039 975 labore!

241 995 281 1058 fit
303 995 428 1060 ratione
451 997 564 1061 eadem
587 998 751 1061 coniectus
773 999 894 1083 partim
917 1001 1038 1064 animai

240 1100 337 1163 altior
357 1108 458 1186 atque
481 1102 563 1164 foras
585 1101 709 1166 eiectus
731 1102 849 1188 largior
871 1104 950 1179 eius,

240 1211 275 1266 et
297 1202 429 1267 divisior
451 1204 538 1267 inter
559 1225 594 1267 se
617 1226 653 1267 ac
675 1204 859 1268 distractior
880 1204 916 1268 in
939 1182 1030 1317 testi

284 1306 328 1370 Et
350 1329 414 1391 quo
437 1306 574 1391 quisque
597 1307 663 1371 fere
686 1307 795 1370 studio
817 1307 988 1372 devinctus
1009 1309 1162 1374 adhaeret

239 1417 298 1472 aut
320 1409 439 1494 quibus
461 1409 496 1471 in
519 1409 615 1473 rebus
637 1410 778 1473 multum
801 1432 914 1474 sumus
936 1419 1013 1475 ante
1035 1412 1150 1476 morati

164 1536 166 1541 ·
239 1521 339 1596 atque
361 1513 396 1576 in
418 1535 457 1576 ea
478 1513 604 1577 ratione
627 1513 690 1577 fuit
712 1522 867 1578 contenta
888 1515 992 1601 magis
1014 1538 1113 1591 mens,

238 1614 274 1679 in
296 1616 417 1679 somnis
439 1615 553 1679 eadem
575 1616 766 1702 plerumque
789 1616 938 1680 videmur
959 1618 1065 1698 obire3

239 1719 392 1783 causidici
414 1741 527 1783 causas
550 1740 645 1805 agere
669 1730 702 1783 et
725 1741 916 1804 componere
939 1721 1032 1806 leges,

238 1822 482 1907 induperatores
504 1844 650 1909 pugnare
671 1846 709 1887 ac
730 1823 852 1908 proelia
874 1824 972 1900 obire,

239 1933 359 1989 nautae
382 1933 585 1990 contractum
608 1948 682 1990 cum
705 1927 813 1991 ventis
834 1927 952 2014 degere
974 1928 1104 2004 bellum,

239 2051 297 2092 nos
319 2051 414 2115 agere
427 2023 497 2093 'hoc
519 2038 631 2093 autem
655 2038 688 2094 et
711 2042 862 2094 naturam
885 2053 1038 2116 quaerere
1059 2055 1166 2096 rerum

238 2153 366 2216 semper
388 2139 422 2195 et
445 2132 612 2196 inventam
635 2133 748 2217 patriis
771 2156 930 2218 exponere
952 2112 1097 2230 chartis}

240 2243 348 2299 cetera
370 2234 415 2298 sic
436 2234 546 2298 studia
568 2245 667 2320 atque
690 2244 776 2299 artes
797 2236 989 2322 plerumque
1011 2237 1162 2301 videntur

239 2338 273 2401 in
296 2338 416 2402 somnis
438 2338 563 2401 animos
586 2337 754 2403 hominum
778 2340 934 2404 frustrata
956 2323 1086 2447 tenere}

239 2450 273 2506 et
296 2442 491 2527 quicumque
514 2442 584 2507 dies
606 2444 726 2507 multos
748 2466 788 2507 ex
810 2444 922 2508 ordine
944 2444 1029 2508 ludis

238 2547 389 2610 adsiduas
411 2547 572 2611 dederunt
595 2568 715 2631 operas,
736 2547 928 2631 plerumque
951 2547 1105 2622 videmus

237 2672 312 2713 cum
335 2650 400 2714 iam
423 2649 622 2714 destiterunt
645 2671 684 2712 ea
706 2649 854 2713 sensibus
876 2670 1039 2733 usurpare,

238 2752 374 2817 relicuas
397 2761 507 2817 tamen
530 2775 600 2817 esse
622 2753 691 2816 vias
713 2753 746 2816 in
770 2761 881 2817 mente
904 2752 1056 2836 patentis,

239 2878 304 2940 qua
326 2857 451 2943 possint
474 2857 587 2920 eadem
610 2879 717 2920 rerum
740 2857 911 2920 simulacra
932 2839 1070 2970 venire}

237 2977 296 3046 per
318 2961 438 3025 multos
459 2961 571 3046 itaque
594 2961 650 3024 illa
671 2961 740 3025 dies
762 2961 876 3025 eadem
899 2961 1108 3025 obversantur

238 3074 315 3129 ante
338 3064 454 3140 oculos,
477 3064 577 3127 etiam
600 3064 773 3150 vigilantes
795 3073 841 3128 ut*
857 3064 1029 3128 videantur

237 3189 367 3230 cernere
389 3166 539 3230 saltantis
565 3173 599 3230 et
623 3166 731 3230 mollia
752 3166 899 3230 membra
920 3165 1078 3230 moventis

237 3281 271 3336 et
293 3271 436 3336 citharae
460 3271 620 3356 liquidum
644 3293 772 3335 carmen
794 3270 991 3355 chordasque
1014 3268 1173 3354 loquentis

236 3373 369 3437 auribus
391 3373 536 3457 accipere
559 3381 592 3436 et
616 3394 797 3436 consessum
821 3395 950 3437 cernere
973 3371 1110 3436 eundem

237 3477 408 3561 scenaique
431 3477 527 3541 simul
552 3476 655 3541 varios
677 3477 844 3563 splendere
867 3478 1002 3541 decores

151 3709 231 3768 Saepe
243 3714 325 3756 ramae
338 3709 393 3770 [not
407 3709 692 3769 tama13ummittuutur.
726 3707 809 3756 Tema
820 3707 883 3769 quid
896 3707 930 3756 sit
942 3706 1014 3755 docet
1030 3706 1131 3762 Festus,
1144 3705 1281 3754 cubantem
1293 3718 1351 3752 vero

149 3793 248 3838 tamam
266 3789 331 3838 dixit
346 3790 414 3852 quod
430 3789 549 3839 deorsum
565 3790 599 3839 sd
615 3790 693 3853 pedes
708 3790 861 3840 tendat-sic
877 3789 946 3839 infra
958 3791 1078 3838 ctcbactia
1090 3795 1162 3837 tecta.
1197 3787 1269 3836 Idem
1281 3801 1351 3835 error

149 3871 219 3934 apud
231 3871 346 3920 Nonium
359 3872 386 3920 in
398 3886 472 3919 versu
484 3871 578 3919 Lucilii
589 3872 619 3920 in
630 3886 691 3927 voce
703 3873 811 3933 diffeme,
824 3871 868 3920 ubi
879 3886 926 3933 pro
939 3880 1006 3920 tame
1018 3869 1110 3931 legitur
1122 3877 1203 3917 tamen
1212 3869 1226 3917 ’.

182 3957 230 4007 959
238 3957 336 4018 partim
346 3954 426 4003 Lech.
439 3955 478 4002 for
488 3962 573 4016 purte:
591 3968 674 4016 comp.
688 3956 742 4005 918.
773 3969 848 4017 porro
861 3953 926 4005 Mar.
940 3952 995 4002 Ald.
1012 3951 1110 4001 1Junt.
1122 3950 1191 4011 vulg.
1304 3948 1351 3998 961

148 4041 177 4087 in
192 4046 239 4088 test
253 4037 303 4086 Ed.
316 4040 355 4087 for
366 4041 450 4086 intus:
468 4052 494 4085 vr
507 4037 554 4086 674
570 4039 615 4099 qai
631 4039 709 4086 viisus
724 4051 786 4085 mss.
799 4036 839 4084 for
850 4039 934 4098 quivis
947 4043 994 4084 est:
1012 4031 1287 4096 comportandum,
1300 4031 1351 4079 end

145 4122 234 4182 capias
245 4119 272 4167 in
285 4121 341 4170 957.
378 4127 450 4168 aetus
460 4119 540 4167 Lseh.
667 4119 715 4168 962
727 4119 947 4180 quo...devinetus.
981 4116 1192 4179 quo...defunetas
1204 4114 1275 4161 Mon.
1288 4113 1350 4162 Ven.

147 4203 204 4253 Ald.
219 4197 240 4250 '1
258 4203 332 4252 Junt.
366 4201 697 4266 quoi...deoirwtus1mmb.
716 4201 825 4250 without
841 4214 941 4251 reason.
1072 4198 1119 4249 964
1136 4199 1165 4245 in
1182 4211 1220 4246 ea.
1253 4199 1283 4244 in
1301 4211 1351 4258 qua

147 4285 211 4336 Mar.
227 4286 300 4334 Junt.
313 4285 381 4347 vulg.
395 4285 517 4346 wrongly.
644 4283 691 4336 968
703 4285 798 4345 decere.
831 4297 929 4333 cemere
942 4281 1031 4332 Lamb.
1156 4281 1204 4329 982
1216 4293 1350 4328 consessum

150 4369 215 4418 Mer.
228 4368 302 4418 Junt.
315 4369 354 4419 for
365 4383 513 4418 emuemum.
689 4368 736 4417 963
749 4368 889 4428 Sceuaiqae
900 4364 970 4413 Brix.
985 4365 1023 4429 (9),
1039 4364 1113 4413 Pont.
1125 4360 1182 4412 Ald.
1198 4362 1211 4408 l
1224 4360 1298 4409 Junt.
1311 4360 1350 4408 for
