3008 4800
101 241 167 304 204
676 218 707 280 V

764 334 809 365 qe

188 380 334 444 efficiunt
355 380 463 444 eladoe
475 385 483 443 l
497 354 589 479 lquid
610 382 706 446 luxus
727 350 972 468 desidiaeqnell

189 485 269 548 haee
290 485 394 570 igitur
413 486 472 570 qui
493 500 612 550 cuneta
631 487 799 573 subegerit
821 508 860 550 ex
883 487 1057 570 animoque

190 588 351 671 expulerit
373 589 478 666 dict-is,
500 613 564 653 non
586 591 692 665 armis,
713 613 822 654 nonne
843 591 973 655 deoebit

191 691 277 756 hune
299 692 462 757 hominem
486 716 619 758 numero
639 694 748 757 divom
770 695 935 780 dignarier
954 656 1068 765 ffie²l

189 819 263 861 eum
286 798 369 861 bene
392 799 580 882 praesertim
602 798 707 861 multa
728 820 767 861 ae
788 797 978 901 divinitas
968 797 1048 882 ipsis

191 899 421 964 immortalibu'
442 900 485 964 de
506 900 590 963 divis
609 899 687 963 dare
708 899 798 962 dieta
818 874 1003 962 ἐᾱθήὶΜ

191 1011 290 1087 atque
311 1024 440 1066 omnem
463 1024 570 1066 rerum
592 1009 744 1064 naturam
766 1001 909 1086 pandere
931 980 1050 1083 dietial

234 1100 337 1167 cuius
358 1124 420 1188 ego
441 1103 605 1188 ingreoens
627 1103 765 1186 vestigia
784 1102 865 1165 dum
886 1101 1028 1166 rationes

191 1227 363 1290 persequor
384 1227 423 1269 ao
443 1206 541 1269 dooeo
562 1205 667 1280 dietis,
687 1227 753 1290 quo
773 1227 923 1290 quaeque
944 1214 1053 1268 creata

192 1308 319 1373 loedere
340 1309 417 1386 sint,
438 1309 473 1371 in
496 1330 534 1372 eo
555 1294 653 1393 quiam
675 1309 719 1372 sit
740 1309 857 1374 durare
877 1330 1045 1372 neoessum

192 1430 252 1473 nee
274 1409 398 1474 validas
418 1411 550 1474 valeant
570 1410 643 1474 aevi
663 1410 846 1475 rescindere
867 1410 963 1498 leges
1104 1495 1107 1501 ¹

194 1534 258 1598 quo
278 1535 397 1599 genere
419 1515 455 1578 in
476 1515 589 1600 primis
610 1515 711 1579 animi
733 1525 853 1579 natura
873 1523 1002 1601 reperta
1023 1522 1075 1578 est

194 1618 305 1683 nativo
325 1620 469 1704 primum
491 1619 664 1683 consistere
686 1641 817 1704 eorpore
839 1628 928 1683 oreta

194 1739 254 1782 nec
275 1741 368 1805 posse
389 1720 560 1785 ineolumis
581 1743 737 1808 magnum
758 1721 877 1786 durare
899 1743 957 1807 per
978 1743 1100 1798 aevom,

194 1822 251 1886 sed
272 1823 444 1889 simulacra
464 1826 566 1890 solere
588 1825 624 1888 in
644 1825 766 1889 somnis
788 1825 899 1890 fallere
921 1832 1075 1900 mentem,

195 1947 324 1992 eernere
346 1950 421 1992 cum
442 1928 611 1993 videamur
633 1951 708 1993 eum
731 1950 829 2013 quem
852 1929 924 1993 vita
943 1928 1085 2013 reliquit,

196 2029 281 2115 quod
303 2040 461 2117 superest,
483 2054 570 2096 nunc
593 2031 657 2096 huo
678 2033 813 2096 rationis
834 2033 956 2098 detulit
977 2033 1063 2109 ordo,

196 2143 235 2197 ut
256 2134 338 2199 mihi
360 2135 490 2199 mortali
511 2136 684 2201 consistere
706 2158 837 2222 eorpore
858 2137 1018 2202 mundum

198 2240 406 2327 nativomque
427 2241 525 2306 simul
547 2242 630 2306 ratio
651 2242 822 2307 reddunda
843 2242 888 2308 sit
910 2262 1000 2322 esse3

197 2355 231 2413 et
253 2347 372 2433 quibus
394 2348 449 2412 ille
472 2347 576 2411 modis
597 2338 784 2432 conig'r‘essus
806 2347 956 2411 materiai

198 2451 341 2516 fundarit
362 2460 482 2517 terram
504 2452 630 2516 eaelum
652 2473 741 2515 mare
764 2451 871 2516 sidera
892 2452 992 2515 solem

198 2554 351 2641 lunaique
372 2556 524 2642 globum;
553 2564 624 2619 tum
648 2577 732 2641 quae
754 2554 872 2619 tellure
893 2555 1075 2618 animantes

198 2659 377 2736 extiterint,
399 2670 433 2725 et
456 2682 538 2745 quae
561 2661 650 2724 nullo
672 2660 738 2724 sint
761 2667 907 2744 tempore
928 2665 1043 2736 natae3

198 2784 302 2847 quove
324 2763 419 2828 modo
440 2785 561 2871 genus
566 2762 747 2827 humanum
771 2762 917 2826 variante
940 2760 1079 2846 loquella

198 2864 338 2950 coeperit
360 2866 446 2930 inter
469 2888 503 2930 se
526 2848 610 2930 vesci
632 2888 690 2951 per
712 2864 845 2930 nomine
867 2886 993 2941 rerum3

199 2977 233 3032 et
254 2969 373 3054 quibus
395 2970 451 3033 ille
474 2969 578 3033 modis
599 2969 706 3034 divom
730 2977 840 3032 metus
861 2967 1035 3032 insinuarit

187 3080 336 3162 pectora,
360 3081 519 3137 terrarum
541 3072 598 3157 qui
620 3071 655 3136 in
677 3072 748 3137 orbi
770 3080 882 3136 sancte
904 3079 1017 3136 tuetur

187 3162 274 3238 ‘lana
296 3175 384 3240 lacus
406 3176 494 3240 lucos
516 3198 587 3240 aras
609 3176 845 3262 simulacraque
866 3176 983 3242 divom.

200 3287 367 3362 praeterea
387 3279 464 3344 solis
486 3302 598 3344 cursus
621 3281 782 3365 lunaeque
803 3289 932 3346 meatus

200 3383 369 3468 expediam
392 3406 457 3469 que
480 3385 512 3448 vi
534 3385 644 3449 flectat
667 3393 787 3448 natura
807 3385 1009 3470 gubernans;

201 3508 241 3549 ne
264 3488 345 3553 sorte
368 3490 520 3554 haeot
470 3512 505 3552 m
507 3499 556 3554 ter
577 3490 703 3554 eaelum
712 3499 912 3602 terramque
935 3512 1064 3555 reamur

201 3589 307 3711 lppppa
322 3600 438 3677 sponte
460 3615 519 3656 sua
542 3615 653 3658 cursus
676 3570 813 3661 lustrare
836 3593 987 3681 perennis

200 3712 360 3781 morigera
380 3695 422 3759 ad
445 3695 554 3781 fruges
575 3697 740 3782 augendus
761 3708 862 3784 atque
884 3697 1068 3772 animantis,

200 3819 282 3862 neve
303 3798 413 3884 aliqua
435 3798 543 3862 divom
566 3799 650 3862 volvi
673 3802 798 3866 ratione
822 3771 999 3904 putemusl

199 3923 275 3965 nam
298 3902 380 3966 bene
403 3901 460 3987 qui
482 3901 622 3967 didicere
644 3903 721 3969 deos
743 3928 894 3971 securum
917 3926 1013 3991 agere
1036 3924 1158 3978 aevom,

115 4139 200 4193 notem
218 4135 317 4197 though
329 4135 401 4185 Mon.
413 4135 463 4185 has
474 4151 509 4185 no
520 4140 589 4186 truse
600 4137 629 4185 ol
639 4136 668 4186 it.
702 4138 776 4188 Junt.
789 4137 865 4188 reads
875 4145 941 4188 suut.
1067 4137 1098 4185 51
1115 4150 1214 4184 uuuwro
1225 4137 1318 4183 divom.

117 4218 202 4266 divum
212 4233 312 4268 numero
323 4218 444 4269 Laetant.
534 4221 565 4268 53
576 4221 762 4270 Immortalibuu
774 4221 842 4271 Flor.
858 4222 889 4269 81
903 4221 966 4269 Mar.
1002 4216 1214 4268 IuowrtalibtuB
1226 4216 1318 4266 camb.

116 4298 172 4345 Iam
183 4299 328 4347 mortolilm
339 4298 442 4350 A'Nioo.
458 4303 507 4348 eto.
541 4300 571 4348 de
582 4299 674 4349 Lamb.
687 4299 726 4350 for
738 4317 759 4350 e.
859 4301 890 4350 61
902 4301 1034 4349 incolumia
1044 4297 1108 4346 Mar.
1120 4295 1136 4344 ,J
1138 4298 1193 4346 unt.
1207 4295 1246 4344 lor
1253 4298 1319 4344 ineo·

118 4381 199 4429 lumen
209 4381 239 4442 A,
252 4383 381 4430 mimulam
392 4389 428 4430 est
439 4381 470 4440 B,
483 4384 605 4432 incolume
616 4382 705 4433 Gamb.
755 4385 785 4435 71
800 4384 893 4445 Quoue.
923 4384 1024 4444 Quoque
1037 4379 1147 4436 Nonius,
1159 4382 1280 4440 eontrary
1292 4383 1320 4428 to
