3008 4800
764 226 818 290 ΙΙΙ

271 387 401 475 integit,
423 398 458 454 et
480 388 568 475 large
591 387 707 452 diffuso
731 386 851 450 lumine
873 348 1004 506 rident]

272 491 381 555 omnia
402 491 591 576 suppeditat
614 512 706 595 pomp
728 498 845 553 natura
866 511 971 573 neque
994 487 1059 551 ulla

272 615 322 657 res
343 593 446 658 animi
466 615 579 678 pacem
601 556 888 676 delibabtempore
911 591 945 654 in
968 560 1061 680 ullol

275 706 310 761 at
333 706 445 762 contra
467 719 627 782 nusquam
650 704 806 781 apparent
828 696 1006 759 Acherusia
1029 695 1151 778 templa
1349 705 1388 771 25

274 821 334 864 nec
358 799 456 864 tellus
478 801 589 865 obstat
612 799 692 884 quin
713 799 821 863 omnia
842 798 1063 882 dispiciantur,

274 900 335 965 sub
358 902 496 987 pedibus
518 919 739 987 quaecumque
761 901 844 964 infra
864 922 923 985 per
943 900 1039 963 inaue
1061 852 1241 984 geruntur.l

275 1004 326 1068 his
349 1004 396 1069 ibi
418 1027 471 1070 me
493 1004 590 1069 rebus
612 1004 769 1090 quaedam
792 1003 903 1066 divina
923 1003 1072 1089 voluptas

273 1107 413 1192 percipit
435 1107 541 1193 adque
563 1107 682 1183 horror,
705 1106 790 1191 quod
811 1106 856 1169 sic
878 1101 995 1169 naturd
1017 1115 1076 1169 tua
1097 1105 1130 1197 vi

273 1219 342 1274 tam
365 1211 538 1275 manifesta
559 1218 675 1295 patens
697 1232 736 1273 ex
758 1208 846 1273 omni
867 1217 960 1294 parte
982 1190 1113 1273 reticiri‘
1126 1217 1183 1272 est.
1349 1224 1392 1288 30

317 1314 362 1378 Et
385 1313 538 1399 quoniam
560 1312 663 1388 docui,
686 1319 874 1376 cunctarum
896 1311 1026 1376 exordia
1049 1333 1155 1375 rerum

272 1412 382 1498 qualia
403 1414 470 1478 sint
492 1421 527 1477 et
549 1434 646 1498 quam
671 1411 767 1476 variis
788 1411 945 1476 distantia
967 1411 1076 1475 formis

272 1526 388 1602 sponte
410 1539 470 1582 sua
491 1517 630 1581 volitent
651 1525 782 1581 aeterno
804 1516 926 1602 percita
948 1524 1039 1580 motu

273 1642 377 1705 quove
400 1620 495 1685 modo
517 1619 642 1705 possint
664 1642 714 1684 res
737 1642 776 1683 ex
798 1619 848 1684 his
870 1641 1017 1705 quaeque
1041 1619 1150 1695 creari,

273 1712 368 1805 basae
390 1723 568 1788 secundum
590 1745 641 1788 res
662 1723 763 1787 animi
784 1732 902 1787 natura
924 1722 1053 1787 videtur

273 1843 372 1920 atque
395 1834 523 1898 animae
545 1833 695 1898 claranda
717 1834 797 1898 meis
819 1834 884 1898 iam
908 1833 1050 1899 versibus
1073 1855 1141 1898 esse

273 1946 307 2002 et
330 1946 438 2002 metus
460 1936 515 2001 ille
538 1937 622 2002 foras
643 1959 795 2022 praeceps
817 1937 1013 2001 Acheruntis
1035 1937 1185 2022 agendus,

275 2040 424 2105 funditus
446 2041 622 2104 humanam
646 2039 702 2126 qui
722 2040 825 2120 ¹uitam
848 2040 960 2104 turbat
981 2039 1023 2104 ab
1045 2039 1110 2104 imo

276 2144 386 2209 omnia
407 2143 597 2208 suffundens
620 2143 732 2208 mortis
753 2144 878 2230 nigrore
900 2165 1005 2228 noque
1031 2144 1130 2206 ullam

273 2269 343 2312 esse
367 2247 569 2332 voluptatem
593 2246 749 2333 liquidam
770 2269 949 2333 puramque
971 2203 1153 2332 relinquitl
1343 2266 1389 2328 40

274 2373 350 2416 uam
372 2351 460 2436 quod
482 2372 577 2436 saepe
599 2350 744 2415 homines
767 2351 891 2415 morbos
913 2351 1016 2437 magis
1038 2372 1106 2415 esse
1129 2350 1289 2415 timendos

276 2454 497 2540 infamemque
521 2454 629 2518 ferunt
652 2455 753 2518 vitam
776 2442 881 2540 quam'
895 2455 1030 2518 Tartara
1051 2453 1109 2518 leti

276 2566 368 2622 etse
391 2556 471 2622 scire
494 2556 622 2622 animae
645 2565 794 2621 naturam
817 2557 984 2643 sanguinis
1006 2579 1074 2622 esse

209 2664 253 2742 46
275 2669 334 2725 aut
357 2661 457 2724 etiam
479 2659 579 2738 venti,
601 2660 629 2724 si
652 2661 714 2724 fert
735 2661 784 2724 ita
806 2661 887 2724 sorte
910 2661 1068 2736 voluntas,

206 2782 250 2845 44
272 2787 332 2828 nec
354 2787 484 2850 prosum
507 2766 680 2851 quicquam
702 2774 829 2830 nostrae
851 2765 984 2830 rationis
1006 2788 1107 2852 egere,
1309 2830 1311 2835 ,
1346 2781 1388 2846 45

275 2868 352 2931 hinc
373 2868 450 2932 licet
472 2867 622 2932 advertas
644 2868 789 2932 animum
811 2869 915 2955 magis
937 2868 1044 2932 omnia
1066 2867 1169 2932 laudis

209 2988 251 3054 47
275 2971 389 3035 iactari
411 2994 508 3036 causa
529 2993 627 3056 quam
651 2971 736 3057 quod
759 2993 809 3035 res
831 2972 901 3056 ipsa
923 2971 1086 3056 probetur.

274 3056 417 3140 eiboires
439 3075 526 3140 idem
548 3076 655 3160 patria
677 3077 834 3162 longeque
857 3076 960 3162 fugati

275 3187 451 3264 conspectu
474 3201 512 3243 ex
537 3178 854 3289 homipqm„foedati
877 3179 1011 3244 crimine
1035 3180 1131 3265 turpi,

278 3282 428 3346 omnibus
450 3278 614 3347 aerumnis
636 3280 754 3348 adfecti
776 3284 915 3370 denique
939 3285 1062 3359 vivunt,

276 3395 311 3450 et
333 3383 538 3472 quocumque
561 3395 670 3452 tamen
694 3388 801 3452 miseri
824 3411 938 3453 venere
960 3397 1154 3474 parentant·

175 3571 179 3580 ς
204 3553 207 3560 ,
277 3497 312 3553 et
334 3489 444 3575 nigras
466 3499 613 3555 mactant
635 3492 773 3577 pecudes
795 3501 829 3556 et
851 3491 993 3556 manibu'
1018 3492 1100 3556 divis

187 3586 189 3590 ’
277 3591 409 3657 inferias
431 3593 571 3658 mittunt
593 3595 759 3680 multoque
781 3595 815 3659 in
837 3596 932 3659 rebus
954 3595 1076 3659 acerbis

276 3695 382 3759 acrius
404 3695 580 3761 advertunt
602 3697 725 3762 animos
747 3697 788 3761 ad
810 3698 1004 3784 religionem.

277 3822 343 3885 quo
365 3800 468 3887 magis
490 3801 524 3864 in
546 3801 655 3865 dubiis
677 3801 838 3866 hominem
862 3810 1005 3886 spectare
1028 3802 1153 3886 periclis
1353 3819 1390 3885 55

278 3905 429 3968 convenit
451 3904 658 3989 adversisque
681 3904 714 3968 in
737 3906 832 3969 rebus
854 3926 982 3969 noscere
1006 3905 1061 3990 qui
1084 3906 1144 3984 sit;

277 4030 353 4070 nam
376 4029 470 4072 verae
493 4030 585 4072 voces
607 4019 678 4074 tum
700 4010 831 4073 demum
854 4019 982 4094 pectore
1003 4010 1044 4073 ab
1069 4011 1131 4074 imo

192 4187 312 4246 founded,
324 4188 390 4238 have
401 4190 430 4238 in
440 4191 545 4238 noctibas
558 4190 620 4239 with
632 4192 647 4238 3
660 4189 716 4240 Vct.
839 4191 869 4238 22
881 4190 966 4239 rident
977 4189 1056 4239 Lach.
1069 4191 1108 4239 lor
1119 4191 1192 4239 ridet.
1312 4192 1343 4239 28
1355 4192 1392 4239 iti

192 4267 267 4322 Pont.
289 4270 403 4320 Gronov.
420 4270 495 4322 Wak.
516 4272 555 4320 for
572 4273 625 4320 ubi.
660 4275 708 4320 tibi
725 4272 790 4320 Mar.
807 4272 881 4320 Junt.
1030 4274 1062 4323 29
1078 4275 1114 4322 sic
1131 4279 1224 4322 notura
1240 4271 1336 4321 Avanc.
1354 4272 1394 4321 for

193 4353 334 4412 ripuariam.
434 4355 465 4402 33
482 4361 583 4403 αεεεπω
600 4354 686 4403 Bentl.
704 4354 742 4402 sor
758 4356 862 4404 alterno.
987 4353 1021 4403 44
1038 4353 1089 4418 (46)
1106 4353 1162 4403 first
1177 4351 1268 4416 placed
1284 4353 1344 4404 here
1362 4354 1395 4416 by
