3008 4800
664 240 696 303 V

155 397 248 468 tanto
270 401 392 488 quique
415 401 518 485 magis
540 401 647 464 victus
670 400 793 464 fateare
815 408 976 464 necessest

155 507 294 570 exitium
317 526 446 591 quoque
469 512 630 567 terrarum
652 503 798 587 caelique
821 473 997 617 futurum]

155 630 230 671 nam
254 628 327 670 cum
351 627 401 669 res
425 604 527 668 tantis
549 603 670 668 morbis
693 604 861 689 tantisque
884 605 1009 690 periclis
1213 618 1272 684 345

156 716 406 794 temptarentur,
429 706 476 770 ibi
497 706 526 770 si
549 707 673 771 tristior
694 706 898 771 incubuisset

156 833 261 887 causa,
283 809 399 874 darent
421 809 487 874 late
510 809 635 873 cladem
657 831 857 896 magnasque
880 777 1016 907 ruinas!

155 935 215 978 neo
236 913 361 978 ratione
383 912 448 977 alia
470 912 623 978 mortales
644 935 714 978 esse
737 913 894 990 videmur,

155 1018 241 1082 inter
262 1039 321 1081 nos
343 1017 407 1081 nisi
429 1018 516 1104 quod
538 1017 659 1082 morbis
681 1017 898 1104 aegrescimus
920 1017 1021 1082 isdem

155 1128 255 1205 atque
277 1119 327 1183 illi
348 1141 430 1204 quos
451 1142 472 1183 a
493 1119 564 1183 vita
585 1128 704 1184 natura
725 1098 884 1210 removit]
1213 1133 1275 1198 350

199 1223 372 1287 Praeterea
394 1243 619 1308 quaecumque
643 1230 777 1287 manent
798 1230 931 1287 aeterna
953 1230 1116 1286 necessust

156 1337 222 1405 aut,
245 1328 323 1413 quia
345 1336 424 1392 sunt
446 1326 547 1391 solido
569 1348 645 1391 oum
667 1347 807 1411 corpore,
829 1346 979 1411 respuere
1001 1325 1084 1389 ictus

155 1451 216 1494 nec
237 1437 408 1515 penetrare
430 1429 502 1514 pati
524 1427 587 1493 sibi
609 1427 784 1514 quicquam
806 1428 892 1513 quod
914 1435 1014 1513 queat
1035 1434 1120 1490 artas
1197 1454 1200 1479 ι

155 1530 325 1596 dissociare
347 1531 438 1596 intus
460 1530 572 1616 partis,
595 1540 633 1595 ut
656 1530 805 1595 materiai

154 1655 285 1718 corpora
307 1641 386 1698 sunt
409 1655 546 1718 quorum
569 1641 722 1698 naturam
743 1633 945 1698 ostendimus
966 1641 1052 1709 ante,
1208 1646 1266 1713 355

154 1745 213 1803 aut
235 1738 307 1803 ideo
329 1738 446 1803 durare
468 1746 613 1802 aetatem
635 1759 728 1824 posse
750 1759 966 1823 peromnem,

154 1841 323 1928 plagarum
347 1842 425 1927 quia
447 1850 525 1906 sunt
547 1841 703 1927 expertia,
725 1842 811 1906 siout
833 1841 929 1906 inane
951 1849 1002 1906 est

156 1945 242 2029 quod
264 1953 377 2010 manet
399 1945 561 2010 intactum
584 1967 690 2030 neque
712 1944 754 2009 ab
776 1945 845 2009 ictu
868 1945 1015 2031 fungitur
1036 1944 1147 2022 hilum,

155 2056 214 2113 aut
237 2049 338 2113 etiam
361 2049 439 2134 quia
459 2049 552 2113 nulla
573 2049 634 2114 looi
657 2049 696 2114 fit
718 2049 812 2136 copia
833 2050 961 2127 circum,

78 2236 83 2247 ι
157 2177 221 2241 quo
242 2148 336 2239 quasi
358 2176 410 2219 res
432 2154 557 2240 possint
578 2154 743 2219 discedere
766 2153 971 2239 dissoluique,
1211 2153 1273 2234 360

155 2257 240 2322 siout
262 2278 463 2322 summarum
486 2279 614 2321 summa
636 2264 688 2321 est
710 2264 843 2321 aeterna
865 2278 969 2342 neque
991 2263 1082 2320 extra

156 2356 213 2441 qui
236 2356 324 2420 locus
346 2364 398 2421 est
420 2378 484 2441 quo
506 2355 668 2426 dissiliant
689 2377 795 2440 neque
818 2377 949 2441 corpora
970 2364 1047 2419 sunt
1068 2376 1150 2440 quae

156 2459 281 2545 possint
303 2459 445 2524 incidere
467 2467 502 2525 et
524 2459 632 2524 valida
653 2460 827 2525 dissolvere
849 2450 1005 2628 plagal-n

156 2572 192 2627 at
214 2554 329 2648 neque,
351 2564 403 2628 uti
426 2563 530 2640 docui,
552 2563 654 2629 solido
677 2586 752 2628 cum
774 2586 904 2648 corpore
926 2587 958 2627 m
1006 2563 1039 2627 di

156 2674 316 2743 naturast,
337 2666 490 2752 quoniam
512 2667 730 2732 admixtumst
752 2667 787 2731 in
808 2667 906 2732 rebus
928 2668 1031 2742 inane,
1210 2669 1268 2748 365
1352 2706 1355 2712 -

156 2791 216 2833 neo
238 2776 351 2833 tamen
373 2776 423 2833 est
445 2776 485 2832 ut
506 2769 613 2846 inane,
635 2791 741 2855 neque
764 2778 875 2834 autem
899 2791 1028 2854 corpora
1049 2770 1174 2847 desunt,

156 2895 196 2936 ex
217 2871 347 2936 infinito
369 2893 453 2958 quae
476 2872 602 2958 possint
625 2873 707 2938 forte
729 2880 838 2938 coorta

155 2997 303 3040 corruere
325 2976 409 3040 hano
431 2998 539 3040 rerum
562 2977 705 3042 violento
728 2977 860 3042 turbine
882 2999 1040 3042 summam

156 3086 215 3142 aut
237 3079 335 3143 aliam
357 3079 506 3165 quamvis
528 3079 653 3145 cladem
676 3081 840 3166 inportare
862 3079 982 3166 pericli,

156 3203 216 3245 nec
237 3203 331 3266 porro
352 3191 472 3247 natura
492 3182 555 3247 loci
577 3183 787 3269 spatiumque
808 3182 960 3268 profundi

156 3283 275 3362 deficit,
298 3285 449 3370 exspargi
470 3308 534 3370 quo
557 3285 683 3371 possint
706 3287 834 3351 moenia
855 3286 977 3362 mundi,

156 3396 215 3451 aut
237 3386 301 3450 alia
323 3388 437 3473 quavis
460 3398 595 3474 possunt
618 3389 651 3454 vi
673 3390 768 3475 pulsa
789 3373 925 3498 perire}

158 3489 238 3553 haut
261 3489 364 3575 igitur
386 3489 445 3554 leti
467 3490 636 3576 praeclusa
658 3501 708 3556 est
730 3492 829 3555 ianua
851 3492 938 3556 caelo

157 3614 216 3656 neo
238 3593 298 3657 soli
321 3602 491 3679 terraeque
514 3617 620 3680 neque
642 3595 720 3659 altis
742 3596 890 3680 aequoris
912 3594 1014 3672 undis,

156 3694 214 3759 sed
236 3705 329 3781 patet
352 3697 488 3762 immani
510 3708 544 3762 et
567 3706 660 3762 vasto
681 3706 844 3781 respectat
866 3682 985 3794 hiatu}

158 3822 258 3885 quare
280 3801 381 3866 etiam
404 3802 516 3866 nativa
539 3812 740 3867 necessumst
763 3805 935 3867 confiteare

157 3903 236 3968 haec
258 3904 392 3984 eadem3
422 3927 527 3990 neque
550 3906 647 3982 enim,
672 3907 802 3970 mortali
824 3928 952 3991 corpore
974 3927 1055 3991 quae
1078 3913 1153 3970 sunt

70 4149 139 4202 Brix.
154 4150 211 4200 Ver.
224 4150 288 4200 Ven.
302 4150 375 4200 Wak.
508 4154 556 4204 349
573 4155 652 4204 isdem
662 4154 726 4204 Pius
736 4154 765 4204 in
778 4157 860 4214 notes,
872 4155 963 4205 Lamb.
975 4155 1014 4204 for
1025 4157 1090 4205 idem
1101 4154 1184 4204 which
1195 4156 1273 4206 Lacb.

71 4232 160 4295 keeps:
177 4233 320 4284 soe11693.
355 4233 437 4283 Laoh.
449 4250 502 4284 was
514 4235 559 4286 the
570 4236 628 4286 first
640 4240 667 4287 to
677 4237 733 4300 join
745 4240 813 4288 inter
823 4255 867 4289 nor
879 4239 941 4288 with
951 4238 1021 4288 what
1032 4239 1135 4290 follows.
1188 4240 1236 4290 359
1242 4240 1275 4302 stt

71 4308 150 4360 Lech.
161 4309 219 4359 first
230 4310 324 4360 forsit.
447 4313 494 4365 367
512 4322 598 4363 coorta
609 4315 745 4368 Moatra
761 4315 859 4366 liunt.
875 4315 1032 4379 lorcoperto.
1151 4315 1199 4366 368
1217 4318 1274 4366 Gor-

70 4405 151 4442 ruera
191 4391 315 4441 Prospere
332 4391 423 4443 Lamb.
444 4397 493 4444 etc.
610 4397 658 4448 375
677 4399 790 4448 tinniant.
832 4400 938 4446 insamae
954 4397 1043 4446 Bruno
1060 4398 1077 4446 1.
1095 4397 1112 4445 1.
1130 4411 1154 4460 p.
1176 4397 1219 4447 10:
1241 4397 1275 4448 he
