3008 4800
753 225 803 290 IV

257 384 313 447 sed
335 383 427 469 quasi
449 383 668 448 adumbratim
691 386 824 470 paulum
847 385 1001 450 simulata
1022 386 1182 451 videntur.

259 488 373 552 umbra
396 488 527 553 videtur
548 489 629 554 item
651 490 743 554 nobis
765 489 800 554 in
822 491 888 555 sole
911 488 1032 554 moveri

259 601 293 656 et
316 593 454 681 vestigia
476 603 586 658 nostra
607 594 698 680 sequi
719 603 914 681 gestumque
936 594 1077 674 imitari3
1313 599 1376 676 365

260 698 383 762 acrasi
406 698 509 762 credis
531 698 694 782 privatum
718 699 840 763 lumine
862 719 954 783 posse

259 801 439 888 indugredi,
463 809 571 866 motus
593 801 760 865 hominum
782 810 978 888 gestumque
999 809 1209 886 sequentem3

258 925 334 966 nam
355 903 402 967 nil
425 925 495 968 esse
516 909 625 988 potest
645 902 729 967 aliut
751 903 814 967 nisi
837 903 960 967 lumine
982 925 1092 967 cassus

260 1030 314 1072 aer
335 1008 369 1072 id
392 1008 477 1094 quod
500 1029 559 1071 nos
580 1007 729 1070 umbra-m
751 1006 920 1091 perhibere
943 1013 1083 1072 suemus.

261 1111 415 1175 nimirum
438 1110 516 1196 quia
538 1117 625 1173 terra
646 1109 723 1173 locis
745 1132 784 1174 ex
807 1110 919 1174 ordine
941 1110 1038 1174 certis

263 1214 385 1278 lumine
406 1213 556 1299 privatur
577 1213 654 1277 solis
675 1233 878 1299 quacumque
901 1222 1047 1277 meantes

262 1316 428 1393 efficimus,
450 1316 595 1401 repletur
616 1316 696 1380 item
718 1316 805 1402 quod
827 1316 981 1401 liquimus
1003 1316 1083 1394 eius,

262 1426 432 1504 propterea
453 1418 493 1482 fit
515 1417 566 1482 uti
588 1417 746 1496 videatur,
768 1441 851 1504 quae
874 1419 938 1483 fuit
960 1419 1076 1483 umbra

262 1523 408 1607 corporis
431 1544 450 1586 e
471 1522 602 1610 regione
624 1522 736 1587 eadem
758 1545 816 1586 nos
838 1544 942 1608 usque
963 1509 1104 1625 secuta]

262 1647 389 1711 semper
410 1625 498 1689 enim
520 1647 603 1690 nova
624 1647 659 1690 se
680 1625 844 1690 radiorum
867 1626 991 1691 lumina
1013 1627 1155 1690 fundunt
1316 1641 1378 1708 375

264 1729 432 1815 primaque
454 1728 653 1813 dispereunt,
675 1729 768 1814 quasi
790 1729 825 1792 in
847 1729 957 1816 ignem
980 1729 1055 1793 lana
1077 1706 1257 1840 trahatur]

263 1840 434 1918 propterea
456 1833 549 1897 facile
571 1840 606 1896 et
628 1832 785 1918 spoliatur
806 1832 929 1897 lumine
952 1840 1039 1896 terra

264 1944 298 1999 et
319 1934 464 2019 repletur
485 1935 566 1998 item
588 1935 760 2021 nigrasque
783 1934 845 1999 sibi
867 1934 973 1999 abluit
995 1910 1155 2016 umbreal

308 2039 378 2103 Nec
400 2046 512 2108 tamen
533 2037 587 2101 hic
608 2038 715 2102 oculos
738 2038 806 2101 falli
827 2037 1033 2102 concedimus
1055 2036 1167 2101 hilum.

265 2164 340 2205 nam
362 2162 566 2226 quocumque
588 2140 656 2204 loco
678 2139 722 2204 sit
744 2141 800 2204 lux
822 2148 922 2226 atque
946 2140 1060 2203 umbra
1082 2139 1169 2204 tueri
1318 2140 1384 2220 380

264 2245 392 2309 illorum
415 2251 483 2325 est;
512 2242 625 2308 cadem
648 2265 723 2307 vero
745 2243 812 2307 sint
835 2243 959 2307 lumina
980 2264 1091 2320 necne,
1155 2305 1157 2310 ,

264 2349 443 2435 umbraque
466 2371 549 2434 quae
572 2348 635 2413 fuit
658 2347 710 2412 hic
733 2347 847 2412 eadem
869 2370 955 2412 nunc
978 2356 1122 2412 transeat
1143 2347 1229 2423 illuc,

263 2475 305 2516 an
326 2453 436 2538 potius
458 2453 518 2517 fiat
540 2452 636 2538 paulo
658 2452 745 2537 quod
767 2453 909 2517 diximus
931 2461 1017 2529 ante,

264 2557 323 2622 hoc
345 2557 446 2622 animi
468 2557 601 2622 demum
623 2559 706 2622 ratio
728 2557 909 2623 discernere
932 2558 1038 2635 debet,

263 2681 322 2724 nec
344 2669 479 2746 possunt
501 2661 585 2725 oculi
608 2669 759 2725 naturam
781 2683 912 2726 noscere
934 2633 1068 2777 reruml
1318 2661 1378 2740 385

263 2763 396 2848 proinde
418 2764 521 2828 animi
544 2764 662 2828 vitium
685 2765 744 2829 hoc
767 2765 867 2830 oculis
889 2765 1053 2852 adfingere
1076 2728 1167 2867 noli]

263 2889 329 2951 qua
350 2867 500 2930 vehimur
520 2867 605 2944 navi,
628 2868 738 2944 fertur,
761 2891 835 2932 cum
858 2877 944 2933 stare
967 2868 1115 2947 videtur3

265 2992 346 3055 quae
368 2978 480 3034 manet
502 2969 537 3033 in
550 2971 708 3047 statione,
730 2995 769 3036 ea
791 2980 921 3057 praeter
942 2971 1085 3036 creditur
1107 2943 1175 3066 ire}

265 3082 299 3137 et
322 3075 432 3161 fugere
455 3073 497 3138 ad
520 3073 656 3159 puppim
678 3074 775 3138 colles
797 3073 968 3160 campique
990 3073 1143 3137 videntur

264 3174 343 3262 quos
365 3179 492 3264 agimus
515 3187 643 3263 praeter
668 3201 784 3243 navem
808 3178 953 3263 velisque
976 3165 1158 3273 volamus}¹
1318 3194 1381 3258 390

265 3280 370 3345 sidera
392 3302 515 3345 cessare
538 3281 692 3345 aetheriis
714 3282 822 3346 adfixa
843 3281 991 3361 cauernis

266 3391 382 3448 cuncta
404 3383 565 3460 videntur,
587 3392 622 3447 et
645 3383 780 3448 adsiduo
802 3392 880 3448 sunt
902 3383 1010 3448 omnia
1032 3391 1133 3457 motu,

268 3487 533 3572 quandoquidem
557 3488 668 3575 longos
691 3489 800 3553 obitus
823 3495 934 3552 exorta
955 3487 1109 3562 revisunt,

265 3614 338 3655 cum
361 3614 530 3677 permensa
552 3614 611 3657 suo
633 3600 711 3656 sunt
733 3592 859 3656 caelum
882 3613 1010 3676 corpore
1034 3561 1140 3697 claro!

265 3697 375 3781 solque
398 3697 469 3781 pari
490 3697 616 3761 ratione
639 3720 768 3761 manere
791 3705 825 3761 et
848 3696 925 3760 luna
948 3695 1102 3759 videntur
1320 3706 1378 3776 395

266 3799 300 3862 in
323 3800 472 3876 statione,
495 3823 639 3886 eaquae
662 3801 736 3865 ferri
759 3822 810 3864 res
832 3799 953 3863 indicat
976 3798 1054 3882 ipsa.

264 3904 487 3989 exstantisque
509 3905 621 3990 procul
644 3905 750 3968 medio
773 3904 813 3968 de
835 3902 965 3989 gurgite
989 3900 1109 3963 monis

264 4008 419 4073 classibus
441 4009 527 4074 inter
551 4032 630 4096 quos
653 4009 735 4073 liber
756 4016 850 4094 patet
872 4006 978 4072 exitus
1001 4004 1124 4090 ingens,

181 4242 284 4292 tmuium,
297 4249 313 4282 a
323 4234 420 4284 violent
432 4235 539 4299 change.
684 4237 731 4286 378
742 4236 825 4284 abluit
837 4232 895 4282 Ver.
906 4231 971 4281 Ven.
983 4230 1048 4280 Mar.
1063 4231 1103 4279 for
1114 4231 1206 4278 adlisit.
1336 4229 1385 4280 395

180 4317 296 4366 videntur
310 4316 390 4365 Lach.
408 4318 447 4366 lor
461 4320 569 4379 uidetur,
588 4333 617 4368 aa
632 4318 697 4381 plur.
712 4333 742 4367 ea
754 4317 860 4366 follows.
893 4315 926 4364 In
942 4311 1018 4362 small
1032 4311 1073 4362 ed.
1089 4311 1103 4360 1
1117 4310 1228 4372 thought
1244 4309 1303 4360 that
1319 4311 1385 4361 after

179 4399 228 4450 397
243 4413 259 4448 a
274 4413 345 4448 verse
357 4413 408 4448 was
424 4399 477 4450 lost
493 4402 522 4451 of
537 4400 590 4450 this
606 4402 706 4458 nature,
721 4400 822 4449 Fallere
838 4410 911 4461 saepe
925 4395 1037 4445 mum
1050 4393 1132 4443 simili
1146 4393 1244 4443 ratium
1257 4393 1383 4451 videnum
