3008 4800
195 245 260 308 214
784 224 813 288 'V

282 409 322 450 ex
345 386 475 452 infinito
497 387 563 451 iam
586 395 731 472 tempore
753 387 858 452 adhuc
880 387 1061 473 potuissent

281 491 421 556 inmensi
443 489 566 555 validas
587 490 661 555 aevi
682 499 885 556 contemnere
907 491 998 556 vires.

327 594 477 680 Denique
499 601 670 678 tantopere
692 592 779 659 inter
799 615 834 659 se
855 616 929 659 cum
951 595 1092 658 nraxima
1114 595 1227 659 mundi
1333 596 1399 675 380

282 707 431 785 pugnent
453 697 608 774 membra,
630 698 684 783 pio
705 720 909 784 nequaquam
931 699 1057 762 concita
1078 698 1171 773 bello,

282 825 389 869 nonne
413 803 503 868 vides
525 803 668 888 aliquam
691 803 779 889 longi
800 803 984 868 certaminis
1006 802 1077 866 ollis

282 928 376 991 posse
397 906 469 971 dari
490 882 694 979 finemllvel
716 928 790 970 cum
812 906 858 971 sol
880 914 915 970 et
936 927 1034 991 vapor
1055 896 1158 970 omnis

283 1008 433 1073 omnibus
456 1007 561 1094 epotis
582 999 749 1072 umoribus
770 1006 1009 1094 exsuperarint:

283 1111 371 1198 quod
393 1112 497 1176 facere
519 1110 705 1187 intendunt,
726 1132 831 1196 neque
852 1110 958 1174 adhuc
979 1105 1094 1173 conata
1115 1117 1303 1194 patrantur:
1335 1113 1397 1191 385

284 1223 416 1280 tantum
438 1213 651 1299 suppeditant
672 1235 783 1278 amnes
804 1212 952 1298 ultraque
975 1211 1141 1276 minantur

284 1316 395 1382 omnia
415 1314 574 1380 diluviare
596 1337 637 1380 ex
659 1315 727 1380 alto
747 1314 877 1402 gurgite
898 1314 999 1400 ponti,

285 1419 494 1505 nequiquam,
516 1417 667 1504 quoniam
691 1425 854 1482 verrentes
875 1439 1015 1503 aequora
1036 1418 1127 1481 venti

285 1523 482 1588 deminuunt
503 1521 666 1608 radiisque
688 1529 837 1588 retexens
859 1521 1022 1587 aetherius
1043 1521 1100 1597 sol,

285 1636 321 1692 et
343 1626 462 1713 siccare
484 1625 574 1712 prius
596 1625 764 1691 confidunt
784 1627 893 1691 omnia
913 1648 1005 1712 posse
1336 1643 1403 1707 390

286 1752 386 1816 quam
408 1730 514 1816 liquor
535 1729 658 1815 incepti
679 1729 781 1816 possit
802 1729 987 1816 contingere
1008 1701 1131 1826 fineml

286 1842 419 1899 tantum
442 1833 603 1920 spirantes
624 1855 728 1919 aequo
750 1834 925 1899 certamine
945 1833 1068 1898 bellum

286 1937 414 2024 magnis
435 1937 519 2003 iuter
538 1959 572 2004 se
593 1936 634 2002 ds
655 1937 752 2002 rebus
773 1958 901 2002 cernere
923 1925 1057 2012 certant,

288 2062 362 2104 cum
385 2039 486 2104 semel
507 2039 633 2104 interea
655 2039 754 2104 fiterit
774 2038 977 2126 superantior
997 2039 1082 2126 ignis

289 2150 324 2207 et
346 2143 455 2219 semel,
477 2150 516 2207 ut
538 2142 625 2206 fama
646 2151 705 2220 est,
727 2165 820 2208 umor
841 2142 982 2228 regnarit
1004 2141 1039 2205 in
1060 2112 1172 2242 arvial
1340 2156 1401 2224 395

289 2245 375 2332 ignis
396 2245 485 2310 enim
507 2253 639 2331 superat
661 2252 696 2310 et
717 2244 862 2310 lambens
885 2244 989 2309 multa
1009 2245 1158 2329 perussit,

289 2349 364 2413 avia
386 2371 460 2413 cum
482 2349 691 2414 Phaethonta
710 2371 809 2435 rapax
832 2348 880 2413 vis
902 2349 977 2414 solis
999 2369 1152 2434 equorum

288 2454 421 2519 aethere
443 2453 679 2540 raptavittoto
700 2462 865 2540 terrasque
887 2476 945 2539 per
965 2429 1096 2547 omnisl

289 2567 326 2623 at
348 2566 442 2644 pater
464 2558 669 2645 omnipotens
691 2559 740 2624 ira
761 2567 833 2624 tum
854 2559 997 2645 percitus
1018 2558 1083 2622 acri

291 2662 537 2748 magnanimum
559 2661 766 2727 Phaethonta
787 2662 916 2748 repenti¹
936 2661 1079 2726 fulminis
1101 2661 1168 2725 ictu
1339 2679 1408 2742 400

290 2765 479 2830 deturbavit
501 2765 592 2851 equis
614 2764 650 2830 in
672 2774 800 2844 terram,
823 2765 932 2850 solque
955 2765 1083 2830 cadenti

292 2867 406 2933 obvius
428 2876 594 2933 aeternam
616 2868 760 2955 succepit
782 2869 930 2955 lampada
951 2869 1065 2934 mundi

291 2971 507 3057 disiectosque
529 2961 656 3059 redegit
678 2995 777 3059 equos
799 2973 969 3058 iunxitque
992 2972 1169 3045 trementis,

288 3072 368 3163 inde
391 3096 487 3138 suum
509 3096 568 3160 per
589 3074 653 3140 iter
674 3075 830 3140 recreavit
851 3084 968 3140 cuncta
988 3075 1180 3161 gubernans,

292 3176 416 3242 scilicet
437 3185 477 3241 ut
498 3186 624 3243 veteres
646 3178 781 3244 Graium
803 3178 945 3243 cecinere
966 3164 1103 3264 poetae.l
1341 3191 1405 3258 405

293 3279 380 3364 quod
402 3279 513 3364 procul
537 3301 557 3343 a
578 3301 654 3344 vera
676 3279 772 3344 nimis
794 3288 844 3345 est
865 3280 989 3345 ratione
1012 3280 1184 3365 repulsum.

293 3382 380 3469 ignis
401 3382 489 3446 enim
511 3404 662 3468 superare
684 3391 793 3469 potest
815 3382 871 3448 ubi
893 3382 1041 3448 materiai

294 3506 335 3549 ex
357 3484 487 3550 infinito
509 3493 587 3550 sunt
609 3508 740 3572 corpora
761 3487 855 3572 plura
877 3494 1002 3566 coorta;

294 3587 370 3653 inde
393 3588 516 3654 cadunt
537 3589 621 3654 vires
642 3591 753 3676 aliqua
773 3591 898 3655 ratione
919 3591 1068 3668 revictae,

295 3700 354 3756 aut
376 3701 515 3777 pereunt
537 3715 588 3758 res
610 3703 743 3759 exustae
767 3693 963 3759 torrentibus
985 3673 1106 3786 aurisl
1342 3711 1410 3775 410

209 3893 300 3943 thinks
312 3893 371 3943 that
382 3891 430 3945 369
442 3892 495 3942 and
505 3894 553 3946 312
565 3907 609 3944 ara
619 3892 827 3956 interpolatione.
904 3895 952 3944 391
969 3895 1112 3943 certaminis
1123 3895 1181 3943 ollis
1192 3893 1261 3942 Flor.
1274 3894 1305 3943 31
1317 3893 1409 3944 (lamb.

210 3974 276 4024 Mar.
289 3975 329 4023 lor
337 3977 471 4024 certamini
480 3976 550 4024 eolis.
643 3975 692 4024 335
704 3982 854 4038 patrumm.-
878 3974 1130 4038 patrarantGoebel.
1220 3975 1410 4038 ceteraeque.

209 4059 324 4123 ultroque
335 4058 405 4108 Flor.
418 4060 450 4109 31
464 4058 554 4109 Oamb.
565 4058 631 4109 Mar.
643 4058 712 4121 vulg.
832 4060 879 4110 393
896 4062 963 4109 inter
973 4074 998 4109 se
1010 4058 1122 4109 inserted
1132 4058 1167 4122 by
1177 4057 1256 4108 Lach.
1269 4058 1363 4120 before,
1378 4058 1413 4122 by

211 4141 282 4191 Nico.
302 4141 372 4193 Flor.
393 4144 424 4191 31
444 4141 535 4192 (lamb.
553 4142 623 4192 Mon.
645 4142 714 4204 vulg.
732 4143 797 4192 alter
816 4143 846 4190 de
865 4144 944 4194 rebec.
1098 4142 1145 4194 396
1164 4149 1266 4205 superat
1284 4141 1367 4207 (pert)
1387 4151 1413 4194 et

209 4221 320 4274 'lombers
340 4225 421 4275 Lech.
441 4227 483 4275 lor
501 4227 631 4288 superavit
650 4233 675 4275 et
692 4227 798 4274 umbem.
839 4227 945 4275 lambens
963 4225 985 4274 B
1003 4239 1082 4277 corn:
1110 4240 1158 4274 nor
1176 4224 1225 4274 has
1244 4225 1343 4274 ammos
1357 4225 1414 4288 'any
1479 4213 1482 4219 ¹

212 4306 349 4367 existence,
369 4307 484 4358 whether
501 4323 531 4358 as
551 4308 642 4370 partic.
660 4309 688 4357 ο1
706 4309 807 4358 amado
825 4322 854 4357 or
871 4309 961 4357 ambio.
1155 4309 1201 4358 399
1220 4313 1273 4356 tum
1290 4306 1361 4357 Flor.
1379 4297 1430 4359 tl¹

211 4387 302 4438 (lamb.
325 4389 389 4440 Mar.
416 4389 457 4439 lor
478 4404 541 4440 mem.
721 4389 770 4439 405
799 4390 904 4438 Graium
926 4388 995 4437 Flor.
1017 4389 1049 4436 31
1072 4387 1162 4436 (lamb.
1185 4386 1261 4436 Pont.
1284 4387 1349 4438 Mar.
1372 4387 1415 4440 lor
