3008 4800
755 189 809 253 III

261 378 367 419 noenu
389 363 505 439 potest.
518 310 539 519 L
551 353 653 438 igitur
675 350 864 436 parvissima
884 371 1015 436 corpora
1036 371 1191 436 proquam

261 465 295 521 et
318 457 517 521 levissimas
541 463 588 531 nt,
610 454 659 518 ita
680 452 860 518 mobilitate
883 453 1053 531 fruuntur3

260 568 296 624 at
318 567 429 624 contra
450 580 673 644 quaecumque
694 557 796 642 magis
818 580 892 622 cum
914 556 1055 642 pondere
1078 578 1131 620 ma
1153 577 1193 619 no

260 685 436 748 asperaque
458 663 678 737 inveniuntur,
700 683 737 725 eo
759 660 905 726 stabilita
927 659 1030 746 magis
1051 579 1152 753 suntd

261 789 347 831 nunc
369 766 470 853 igitur
492 765 645 851 quoniam
667 773 711 853 est
731 764 832 829 animi
854 772 972 829 natura
992 774 1122 850 reperta

262 869 391 933 mobilis
413 867 550 955 egregie,
572 889 727 953 perquam
749 873 894 932 constare
916 876 1077 931 necessest

261 972 445 1058 corporibus
467 971 574 1058 parvis
596 979 631 1035 et
653 970 776 1049 levibus
798 978 897 1055 atque
919 934 1100 1046 rutundisl

261 1097 345 1161 quae
367 1074 429 1139 tibi
451 1075 582 1161 cognita
603 1096 654 1139 res
675 1074 710 1138 in
732 1073 853 1149 multis,
875 1095 894 1137 o
916 1073 1008 1148 bone,
1031 1072 1128 1137 rebus
1206 1141 1208 1144 ,

261 1178 355 1242 utilis
376 1177 561 1243 invenietur
583 1187 617 1242 et
639 1185 819 1263 opportuna
840 1153 992 1267 cluebit.l

262 1281 342 1346 haec
365 1281 492 1368 quoque
513 1303 565 1346 res
587 1281 687 1346 etiam
709 1289 860 1345 naturam
882 1278 1011 1345 dedicat
1032 1281 1111 1356 eius,

262 1408 360 1471 quam
382 1386 475 1451 tenui
496 1394 623 1451 constet
645 1394 776 1451 textura
797 1407 958 1471 quamque
981 1385 1049 1450 loco
1071 1408 1105 1450 se

262 1489 427 1554 contineat
449 1511 558 1574 parvo,
580 1490 608 1553 si
630 1489 730 1574 possit
752 1488 990 1576 conglomerari‚

263 1593 349 1679 quod
371 1594 467 1658 simul
490 1601 589 1677 atque
613 1592 774 1657 hominem
797 1592 856 1657 leti
877 1615 989 1658 secura
1010 1593 1102 1678 quies
1124 1602 1175 1657 est

263 1695 399 1780 indepta
421 1703 520 1780 atque
542 1694 644 1758 animi
665 1702 782 1758 natura
803 1695 994 1780 animaeque
1016 1694 1156 1771 recessit,

263 1798 310 1861 nil
332 1797 379 1862 ibi
402 1797 541 1862 libatum
563 1797 604 1861 de
626 1806 695 1862 toto
717 1819 845 1882 corpore
868 1819 978 1862 cernas

263 1901 305 1965 ad
328 1900 478 1987 speciem,
500 1901 547 1964 nil
569 1901 611 1965 ad
634 1900 777 1986 pondus:
809 1923 893 1965 mors
915 1901 1023 1966 omnia
1044 1909 1190 1986 praestat

263 2004 398 2069 vitalem
420 2013 549 2091 praeter
570 2026 701 2070 sensum
722 2004 928 2090 calidumque
950 1973 1128 2121 vaporem!

264 2128 339 2191 ergo
360 2107 502 2171 animam
525 2114 628 2172 totam
650 2107 813 2192 perparvis
836 2129 904 2172 esse
926 2118 1086 2173 necessest

264 2211 449 2287 seminibus,
471 2233 589 2275 nexam
611 2233 668 2296 per
689 2233 787 2276 venas
810 2211 932 2276 viscera
953 2233 1086 2292 nervos3

264 2321 432 2398 quatenus,
455 2312 559 2378 omnis
581 2313 640 2377 ubi
661 2335 679 2377 e
701 2321 771 2377 toto
792 2313 858 2378 iam
880 2336 1008 2399 corpore
1030 2314 1135 2390 cessit,

265 2416 388 2481 extima
410 2417 626 2481 membrorum
649 2417 902 2482 circumcaesura
924 2428 1034 2483 tamen
1056 2441 1091 2484 se

265 2521 461 2585 incolumem
483 2528 627 2606 praestat
649 2542 708 2585 nec
730 2520 810 2585 defit
833 2521 983 2606 ponderis
1005 2492 1128 2643 hilum.)
1317 2541 1380 2589 220

265 2625 350 2710 quod
375 2647 477 2711 genus
495 2631 549 2688 est
572 2625 786 2689 Bacchicam
810 2625 868 2689 flos
890 2626 1024 2691 evanuit
1049 2635 1109 2692 aut
1131 2650 1206 2691 cum

265 2729 400 2815 spiritus
422 2728 582 2814 unguenti
604 2729 713 2794 suavis
735 2729 868 2817 diffugit
890 2731 925 2794 in
947 2754 1041 2796 auras

266 2841 324 2896 aut
345 2833 452 2918 aliquo
474 2854 549 2896 cum
572 2832 638 2896 iam
659 2855 754 2897 sucus
776 2833 816 2898 de
839 2856 968 2919 corpore
989 2835 1103 2914 cessit3

266 2937 312 3000 nil
336 2936 438 3000 oculis
461 2943 571 2999 tamen
594 2957 663 3000 esse
685 2936 791 3000 minor
813 2959 863 3001 res
885 2938 956 3024 ipsa
978 2938 1107 3003 videtur

266 3038 436 3121 propterea
457 3057 563 3121 neque
585 3036 768 3101 detractum
790 3037 832 3102 de
854 3040 994 3122 pondere
1016 3040 1199 3124 quicquam,
1319 3057 1380 3123 225

267 3138 422 3202 nimirum
445 3139 522 3224 quia
542 3139 649 3203 multa
670 3139 862 3226 minutaque
884 3142 1009 3206 semina
1030 3164 1123 3208 sucos

268 3243 412 3306 efficiunt
434 3251 468 3307 et
491 3242 619 3307 odorem
642 3244 677 3307 in
699 3253 768 3308 toto
791 3267 920 3331 corpore
942 3228 1084 3338 reruml

268 3368 368 3431 quare
391 3349 490 3411 etiam
511 3355 610 3433 atque
633 3348 732 3412 etiam
755 3351 876 3414 mentis
897 3361 1049 3416 naturam
1071 3353 1261 3439 animaeque

268 3449 348 3513 scire
373 3450 448 3514 licet
470 3473 626 3536 perquam
647 3453 800 3537 pauxillis
823 3476 892 3519 esse
914 3464 1055 3520 creatam

268 3553 454 3631 seminibus,
477 3554 630 3640 quoniam
653 3555 779 3642 fugiens
801 3557 847 3621 nil
871 3560 1020 3643 ponderis
1040 3522 1179 3729 aufertg
1322 3578 1384 3642 230

312 3655 383 3719 Nec
405 3664 516 3720 tamen
539 3657 618 3721 haec
640 3657 775 3744 simplex
799 3662 892 3726 nobis
914 3671 1032 3728 natura
1053 3673 1156 3749 putan
1180 3687 1200 3730 a
1222 3639 1299 3773 est}

270 3759 376 3823 tenvis
400 3759 487 3824 enim
509 3760 668 3845 quaedam
692 3763 900 3830 moribundos
922 3767 1042 3833 deserit
1064 3791 1143 3833 aura

186 4003 257 4053 older
272 4003 368 4052 editors
386 4019 429 4053 are
445 4005 545 4056 absurd
582 4011 718 4058 coauctam
729 4011 847 4061 Muretus
860 4013 898 4062 lor
910 4016 1046 4064 coniectum
1059 4017 1143 4066 which
1154 4019 1243 4070 Lamb.
1262 4035 1386 4084 approves

184 4086 213 4135 of
228 4084 256 4135 in
266 4085 308 4134 his
319 4091 393 4136 notes
405 4088 457 4137 and
469 4089 548 4138 Lach.
561 4089 658 4154 rightly
669 4092 768 4155 adopts.
947 4098 995 4146 203
1007 4107 1043 4147 eat
1055 4099 1136 4150 added
1147 4102 1213 4150 alter
1224 4106 1341 4165 quomam
1352 4105 1386 4167 by

184 4167 260 4218 Pont.
285 4167 349 4217 Mar.
373 4169 428 4220 Ald.
456 4172 469 4218 1
492 4171 565 4220 Juut.
599 4173 624 4222 It
646 4174 669 4223 is
691 4175 774 4224 added
797 4179 824 4226 at
848 4178 892 4226 the
914 4178 965 4228 end
989 4181 1015 4229 of
1038 4181 1082 4231 the
1104 4197 1176 4232 verse
1203 4183 1237 4246 by
1259 4186 1328 4236 Flor.
1354 4188 1384 4235 31

184 4248 274 4298 Gamb.
373 4253 421 4300 210
432 4255 454 4301 ri
466 4252 506 4301 lor
516 4268 542 4302 se
553 4254 623 4304 Nico.
636 4255 705 4305 Mon.
718 4257 775 4308 Ver.
790 4257 853 4311 Ven.
869 4263 915 4310 not
925 4261 994 4311 Flor.
1007 4264 1037 4311 31
1049 4278 1079 4312 or
1091 4265 1179 4314 (lamb.
1279 4270 1327 4317 224
1338 4271 1386 4319 Nil

186 4333 273 4385 oculu.
313 4332 377 4394 ‘leg.
392 4334 564 4385 ailo'Heins.
577 4335 605 4385 in
615 4352 664 4388 ms.
679 4344 762 4388 notes.
884 4343 932 4393 227
943 4357 1033 4392 reram.
1066 4348 1104 4394 rei
1115 4345 1301 4405 Laoh.‚1n0w
1312 4349 1388 4400 think
