<?xml version="1.0" encoding="UTF-8"?>
<!DOCTYPE html PUBLIC "-//W3C//DTD XHTML 1.0 Transitional//EN"
    "http://www.w3.org/TR/xhtml1/DTD/xhtml1-transitional.dtd">
<html xmlns="http://www.w3.org/1999/xhtml" xml:lang="en" lang="en">
 <head>
  <title>
</title>
<meta http-equiv="Content-Type" content="text/html;charset=utf-8" />
  <meta name='ocr-system' content='tesseract 3.04.00' />
  <meta name='ocr-capabilities' content='ocr_page ocr_carea ocr_par ocr_line ocrx_word'/>
</head>
<body>
  <div class='ocr_page' id='page_1' title='image "./tlucreticarider00munrgoog_0187.png"; bbox 0 0 3008 4800; ppageno 0'>
   <div class='ocr_carea' id='block_1_1' title="bbox 175 215 795 299">
    <p class='ocr_par' dir='ltr' id='par_1_1' title="bbox 175 215 795 299">
     <span class='ocr_line' id='line_1_1' title="bbox 175 215 795 299; baseline -0.006 -17"><span class='ocrx_word' id='word_1_1' title='bbox 175 233 235 299; x_wconf 91' lang='lat'>170</span> <span class='ocrx_word' id='word_1_2' title='bbox 747 215 795 280; x_wconf 89' lang='lat' dir='ltr'>IV</span> 
     </span>
    </p>
   </div>
   <div class='ocr_carea' id='block_1_2' title="bbox 171 377 1380 3679">
    <p class='ocr_par' dir='ltr' id='par_1_2' title="bbox 171 377 1380 3679">
     <span class='ocr_line' id='line_1_2' title="bbox 256 377 1380 463; baseline 0.004 -22"><span class='ocrx_word' id='word_1_3' title='bbox 256 379 313 444; x_wconf 89' lang='lat' dir='ltr'>fiet</span> <span class='ocrx_word' id='word_1_4' title='bbox 335 379 391 457; x_wconf 75' lang='lat' dir='ltr'>ita</span> <span class='ocrx_word' id='word_1_5' title='bbox 412 388 490 444; x_wconf 88' lang='lat' dir='ltr'>ante</span> <span class='ocrx_word' id='word_1_6' title='bbox 512 379 624 444; x_wconf 90' lang='lat' dir='ltr'>oculus</span> <span class='ocrx_word' id='word_1_7' title='bbox 646 378 744 443; x_wconf 90' lang='lat' dir='ltr'>fuerit</span> <span class='ocrx_word' id='word_1_8' title='bbox 767 379 825 463; x_wconf 89' lang='lat' dir='ltr'>qui</span> <span class='ocrx_word' id='word_1_9' title='bbox 847 377 971 455; x_wconf 86' lang='lat' dir='ltr'>dexter,</span> <span class='ocrx_word' id='word_1_10' title='bbox 993 387 1032 443; x_wconf 92' lang='grc'>01</span> <span class='ocrx_word' id='word_1_11' title='bbox 1054 379 1142 443; x_wconf 90' lang='lat' dir='ltr'>idem</span> <span class='ocrx_word' id='word_1_12' title='bbox 1314 397 1380 463; x_wconf 83' lang='lat'>300</span> 
     </span>
     <span class='ocr_line' id='line_1_3' title="bbox 173 463 1128 571; baseline 0.003 -27"><span class='ocrx_word' id='word_1_13' title='bbox 173 496 232 563; x_wconf 82' lang='lat'>325</span> <span class='ocrx_word' id='word_1_14' title='bbox 257 505 342 547; x_wconf 88' lang='lat' dir='ltr'>nunc</span> <span class='ocrx_word' id='word_1_15' title='bbox 364 483 408 547; x_wconf 91' lang='lat' dir='ltr'>sit</span> <span class='ocrx_word' id='word_1_16' title='bbox 430 483 548 559; x_wconf 87' lang='lat' dir='ltr'>laevus,</span> <span class='ocrx_word' id='word_1_17' title='bbox 572 490 607 546; x_wconf 93' lang='lat' dir='ltr'>et</span> <span class='ocrx_word' id='word_1_18' title='bbox 628 504 647 547; x_wconf 92' lang='lat' dir='ltr'>e</span> <span class='ocrx_word' id='word_1_19' title='bbox 670 483 760 546; x_wconf 88' lang='lat' dir='ltr'>laevo</span> <span class='ocrx_word' id='word_1_20' title='bbox 783 482 827 546; x_wconf 90' lang='lat' dir='ltr'>sit</span> <span class='ocrx_word' id='word_1_21' title='bbox 850 490 966 546; x_wconf 89' lang='lat' dir='ltr'>mutua</span> <span class='ocrx_word' id='word_1_22' title='bbox 987 463 1128 571; x_wconf 72' lang='lat' dir='ltr'>dextanl</span> 
     </span>
     <span class='ocr_line' id='line_1_4' title="bbox 259 584 1280 672; baseline 0.002 -24"><span class='ocrx_word' id='word_1_23' title='bbox 259 584 298 648; x_wconf 88' lang='lat' dir='ltr'>fit</span> <span class='ocrx_word' id='word_1_24' title='bbox 320 606 447 670; x_wconf 92' lang='lat' dir='ltr'>quoque</span> <span class='ocrx_word' id='word_1_25' title='bbox 470 585 510 649; x_wconf 92' lang='lat' dir='ltr'>de</span> <span class='ocrx_word' id='word_1_26' title='bbox 532 586 662 670; x_wconf 90' lang='lat' dir='ltr'>speculo</span> <span class='ocrx_word' id='word_1_27' title='bbox 684 585 718 648; x_wconf 92' lang='lat' dir='ltr'>in</span> <span class='ocrx_word' id='word_1_28' title='bbox 740 587 908 670; x_wconf 88' lang='lat' dir='ltr'>speculum</span> <span class='ocrx_word' id='word_1_29' title='bbox 931 593 970 650; x_wconf 91' lang='lat' dir='ltr'>ut</span> <span class='ocrx_word' id='word_1_30' title='bbox 993 586 1142 651; x_wconf 85' lang='lat' dir='ltr'>tradatur</span> <span class='ocrx_word' id='word_1_31' title='bbox 1163 585 1280 672; x_wconf 90' lang='lat' dir='ltr'>imago,</span> 
     </span>
     <span class='ocr_line' id='line_1_5' title="bbox 257 670 1155 780; baseline 0.003 -31"><span class='ocrx_word' id='word_1_32' title='bbox 257 687 400 772; x_wconf 91' lang='lat' dir='ltr'>quinque</span> <span class='ocrx_word' id='word_1_33' title='bbox 423 686 523 752; x_wconf 89' lang='lat' dir='ltr'>etiam</span> <span class='ocrx_word' id='word_1_34' title='bbox 545 709 635 752; x_wconf 81' lang='lat' dir='ltr'>sexve</span> <span class='ocrx_word' id='word_1_35' title='bbox 658 695 696 751; x_wconf 89' lang='lat' dir='ltr'>ut</span> <span class='ocrx_word' id='word_1_36' title='bbox 718 687 788 751; x_wconf 90' lang='lat' dir='ltr'>fieri</span> <span class='ocrx_word' id='word_1_37' title='bbox 811 687 983 752; x_wconf 82' lang='lat' dir='ltr'>simulacra</span> <span class='ocrx_word' id='word_1_38' title='bbox 1004 670 1155 780; x_wconf 69' lang='grc'>00001011</span> 
     </span>
     <span class='ocr_line' id='line_1_6' title="bbox 257 790 1159 875; baseline 0 -21"><span class='ocrx_word' id='word_1_39' title='bbox 257 813 333 854; x_wconf 82' lang='grc'>000</span> <span class='ocrx_word' id='word_1_40' title='bbox 356 811 577 875; x_wconf 87' lang='lat' dir='ltr'>quaecumque</span> <span class='ocrx_word' id='word_1_41' title='bbox 598 797 684 854; x_wconf 90' lang='lat' dir='ltr'>retro</span> <span class='ocrx_word' id='word_1_42' title='bbox 706 799 800 875; x_wconf 87' lang='lat' dir='ltr'>parte</span> <span class='ocrx_word' id='word_1_43' title='bbox 823 790 975 855; x_wconf 90' lang='lat' dir='ltr'>interiore</span> <span class='ocrx_word' id='word_1_44' title='bbox 998 791 1159 868; x_wconf 86' lang='lat' dir='ltr'>latebunt,</span> 
     </span>
     <span class='ocr_line' id='line_1_7' title="bbox 257 891 1376 977; baseline 0.002 -22"><span class='ocrx_word' id='word_1_45' title='bbox 257 891 333 956; x_wconf 92' lang='lat' dir='ltr'>inde</span> <span class='ocrx_word' id='word_1_46' title='bbox 356 900 475 970; x_wconf 84' lang='lat' dir='ltr'>tamen,</span> <span class='ocrx_word' id='word_1_47' title='bbox 498 891 645 976; x_wconf 88' lang='lat' dir='ltr'>quamvis</span> <span class='ocrx_word' id='word_1_48' title='bbox 666 899 752 956; x_wconf 91' lang='lat' dir='ltr'>torte</span> <span class='ocrx_word' id='word_1_49' title='bbox 774 892 970 977; x_wconf 80' lang='lat' dir='ltr'>penitusque</span> <span class='ocrx_word' id='word_1_50' title='bbox 992 902 1125 969; x_wconf 88' lang='lat' dir='ltr'>remota,</span> <span class='ocrx_word' id='word_1_51' title='bbox 1314 907 1376 974; x_wconf 84' lang='lat'>305</span> 
     </span>
     <span class='ocr_line' id='line_1_8' title="bbox 174 993 971 1080; baseline -0.001 -20"><span class='ocrx_word' id='word_1_52' title='bbox 174 1013 237 1078; x_wconf 85' lang='lat'>330</span> <span class='ocrx_word' id='word_1_53' title='bbox 258 995 366 1059; x_wconf 86' lang='lat' dir='ltr'>omnia</span> <span class='ocrx_word' id='word_1_54' title='bbox 388 1017 446 1080; x_wconf 89' lang='lat' dir='ltr'>per</span> <span class='ocrx_word' id='word_1_55' title='bbox 468 994 566 1059; x_wconf 87' lang='lat' dir='ltr'>flexos</span> <span class='ocrx_word' id='word_1_56' title='bbox 587 993 697 1058; x_wconf 87' lang='lat' dir='ltr'>aditus</span> <span class='ocrx_word' id='word_1_57' title='bbox 719 993 837 1058; x_wconf 86' lang='lat' dir='ltr'>educta</span> <span class='ocrx_word' id='word_1_58' title='bbox 859 994 971 1060; x_wconf 75' lang='lat' dir='ltr'>licebit</span> 
     </span>
     <span class='ocr_line' id='line_1_9' title="bbox 256 1076 1194 1213; baseline 0.004 -52"><span class='ocrx_word' id='word_1_59' title='bbox 256 1097 404 1183; x_wconf 87' lang='lat' dir='ltr'>pluribus</span> <span class='ocrx_word' id='word_1_60' title='bbox 425 1098 504 1162; x_wconf 89' lang='lat' dir='ltr'>haec</span> <span class='ocrx_word' id='word_1_61' title='bbox 526 1095 664 1181; x_wconf 83' lang='lat' dir='ltr'>speculis</span> <span class='ocrx_word' id='word_1_62' title='bbox 686 1095 858 1160; x_wconf 86' lang='lat' dir='ltr'>videantur</span> <span class='ocrx_word' id='word_1_63' title='bbox 879 1097 915 1161; x_wconf 90' lang='lat' dir='ltr'>in</span> <span class='ocrx_word' id='word_1_64' title='bbox 936 1098 1071 1162; x_wconf 83' lang='lat' dir='ltr'>aedibus</span> <span class='ocrx_word' id='word_1_65' title='bbox 1094 1076 1194 1213; x_wconf 65' lang='lat' dir='ltr'>esse}</span> 
     </span>
     <span class='ocr_line' id='line_1_10' title="bbox 255 1199 1195 1289; baseline 0.001 -23"><span class='ocrx_word' id='word_1_66' title='bbox 255 1201 459 1286; x_wconf 89' lang='lat' dir='ltr'>usqueadeo</span> <span class='ocrx_word' id='word_1_67' title='bbox 481 1200 611 1285; x_wconf 84' lang='lat' dir='ltr'>speculo</span> <span class='ocrx_word' id='word_1_68' title='bbox 633 1199 668 1262; x_wconf 94' lang='lat' dir='ltr'>in</span> <span class='ocrx_word' id='word_1_69' title='bbox 690 1200 857 1284; x_wconf 89' lang='lat' dir='ltr'>speculum</span> <span class='ocrx_word' id='word_1_70' title='bbox 879 1202 1056 1266; x_wconf 72' lang='lat' dir='ltr'>translucet</span> <span class='ocrx_word' id='word_1_71' title='bbox 1078 1202 1195 1289; x_wconf 87' lang='lat' dir='ltr'>imago,</span> 
     </span>
     <span class='ocr_line' id='line_1_11' title="bbox 257 1292 1182 1381; baseline 0 -11"><span class='ocrx_word' id='word_1_72' title='bbox 257 1313 388 1370; x_wconf 88' lang='lat' dir='ltr'>etcum</span> <span class='ocrx_word' id='word_1_73' title='bbox 410 1304 502 1367; x_wconf 87' lang='lat' dir='ltr'>laeva</span> <span class='ocrx_word' id='word_1_74' title='bbox 523 1302 601 1366; x_wconf 86' lang='lat' dir='ltr'>data</span> <span class='ocrx_word' id='word_1_75' title='bbox 622 1309 681 1378; x_wconf 91' lang='grc'>001,</span> <span class='ocrx_word' id='word_1_76' title='bbox 703 1301 742 1366; x_wconf 90' lang='lat' dir='ltr'>fit</span> <span class='ocrx_word' id='word_1_77' title='bbox 764 1292 876 1366; x_wconf 86' lang='lat' dir='ltr'>rusum</span> <span class='ocrx_word' id='word_1_78' title='bbox 898 1311 937 1367; x_wconf 92' lang='lat' dir='ltr'>ut</span> <span class='ocrx_word' id='word_1_79' title='bbox 959 1303 1093 1369; x_wconf 81' lang='lat' dir='ltr'>dextera</span> <span class='ocrx_word' id='word_1_80' title='bbox 1116 1305 1182 1381; x_wconf 88' lang='lat' dir='ltr'>fiat,</span> 
     </span>
     <span class='ocr_line' id='line_1_12' title="bbox 257 1390 1139 1509; baseline 0 -37"><span class='ocrx_word' id='word_1_81' title='bbox 257 1407 333 1472; x_wconf 91' lang='lat' dir='ltr'>inde</span> <span class='ocrx_word' id='word_1_82' title='bbox 355 1416 440 1472; x_wconf 89' lang='lat' dir='ltr'>retro</span> <span class='ocrx_word' id='word_1_83' title='bbox 462 1427 590 1470; x_wconf 91' lang='lat' dir='ltr'>rursum</span> <span class='ocrx_word' id='word_1_84' title='bbox 612 1405 699 1469; x_wconf 88' lang='lat' dir='ltr'>redit</span> <span class='ocrx_word' id='word_1_85' title='bbox 720 1413 755 1469; x_wconf 91' lang='lat' dir='ltr'>et</span> <span class='ocrx_word' id='word_1_86' title='bbox 777 1406 978 1471; x_wconf 87' lang='lat' dir='ltr'>convertitur</span> <span class='ocrx_word' id='word_1_87' title='bbox 1000 1390 1139 1509; x_wconf 63' lang='grc'>001010..</span> 
     </span>
     <span class='ocr_line' id='line_1_13' title="bbox 173 1509 1212 1597; baseline -0.001 -21"><span class='ocrx_word' id='word_1_88' title='bbox 173 1527 233 1593; x_wconf 90' lang='grc'>335</span> <span class='ocrx_word' id='word_1_89' title='bbox 259 1511 460 1597; x_wconf 87' lang='lat' dir='ltr'>quinetiam</span> <span class='ocrx_word' id='word_1_90' title='bbox 483 1531 704 1595; x_wconf 87' lang='lat' dir='ltr'>quaecumque</span> <span class='ocrx_word' id='word_1_91' title='bbox 727 1509 888 1573; x_wconf 81' lang='lat' dir='ltr'>latuscula</span> <span class='ocrx_word' id='word_1_92' title='bbox 908 1518 986 1575; x_wconf 88' lang='lat' dir='ltr'>sunt</span> <span class='ocrx_word' id='word_1_93' title='bbox 1008 1512 1212 1596; x_wconf 88' lang='lat' dir='ltr'>speculorum</span> 
     </span>
     <span class='ocr_line' id='line_1_14' title="bbox 258 1613 979 1699; baseline -0.003 -19"><span class='ocrx_word' id='word_1_94' title='bbox 258 1615 398 1680; x_wconf 82' lang='lat' dir='ltr'>adsimili</span> <span class='ocrx_word' id='word_1_95' title='bbox 420 1613 530 1678; x_wconf 86' lang='lat' dir='ltr'>lateris</span> <span class='ocrx_word' id='word_1_96' title='bbox 552 1613 676 1678; x_wconf 82' lang='lat' dir='ltr'>flexura</span> <span class='ocrx_word' id='word_1_97' title='bbox 696 1613 846 1699; x_wconf 86' lang='lat' dir='ltr'>praedita</span> <span class='ocrx_word' id='word_1_98' title='bbox 866 1615 979 1692; x_wconf 86' lang='lat' dir='ltr'>nostri,</span> 
     </span>
     <span class='ocr_line' id='line_1_15' title="bbox 258 1716 1118 1803; baseline 0.002 -22"><span class='ocrx_word' id='word_1_99' title='bbox 258 1717 393 1782; x_wconf 84' lang='lat' dir='ltr'>dextera</span> <span class='ocrx_word' id='word_1_100' title='bbox 414 1739 453 1782; x_wconf 88' lang='lat' dir='ltr'>ea</span> <span class='ocrx_word' id='word_1_101' title='bbox 474 1725 605 1803; x_wconf 89' lang='lat' dir='ltr'>propter</span> <span class='ocrx_word' id='word_1_102' title='bbox 626 1717 719 1781; x_wconf 92' lang='lat' dir='ltr'>nobis</span> <span class='ocrx_word' id='word_1_103' title='bbox 740 1716 913 1782; x_wconf 84' lang='lat' dir='ltr'>simulacra</span> <span class='ocrx_word' id='word_1_104' title='bbox 934 1717 1118 1797; x_wconf 86' lang='lat' dir='ltr'>remittunt,</span> 
     </span>
     <span class='ocr_line' id='line_1_16' title="bbox 259 1818 1232 1909; baseline 0.004 -27"><span class='ocrx_word' id='word_1_105' title='bbox 259 1826 317 1882; x_wconf 89' lang='grc'>001</span> <span class='ocrx_word' id='word_1_106' title='bbox 340 1818 416 1904; x_wconf 90' lang='lat' dir='ltr'>quia</span> <span class='ocrx_word' id='word_1_107' title='bbox 438 1819 478 1883; x_wconf 94' lang='lat' dir='ltr'>de</span> <span class='ocrx_word' id='word_1_108' title='bbox 501 1819 630 1904; x_wconf 86' lang='lat' dir='ltr'>speculo</span> <span class='ocrx_word' id='word_1_109' title='bbox 652 1819 687 1883; x_wconf 92' lang='lat' dir='ltr'>in</span> <span class='ocrx_word' id='word_1_110' title='bbox 709 1819 878 1904; x_wconf 88' lang='lat' dir='ltr'>speculum</span> <span class='ocrx_word' id='word_1_111' title='bbox 900 1821 1095 1885; x_wconf 85' lang='lat' dir='ltr'>transfertur</span> <span class='ocrx_word' id='word_1_112' title='bbox 1116 1822 1232 1909; x_wconf 86' lang='lat' dir='ltr'>imago,</span> 
     </span>
     <span class='ocr_line' id='line_1_17' title="bbox 256 1921 1122 2010; baseline 0.005 -25"><span class='ocrx_word' id='word_1_113' title='bbox 256 1921 332 1985; x_wconf 92' lang='lat' dir='ltr'>inde</span> <span class='ocrx_word' id='word_1_114' title='bbox 355 1921 396 1986; x_wconf 92' lang='lat' dir='ltr'>ad</span> <span class='ocrx_word' id='word_1_115' title='bbox 418 1943 476 1986; x_wconf 91' lang='lat' dir='ltr'>nos</span> <span class='ocrx_word' id='word_1_116' title='bbox 498 1921 577 1986; x_wconf 89' lang='lat' dir='ltr'>elisa</span> <span class='ocrx_word' id='word_1_117' title='bbox 598 1921 648 1986; x_wconf 89' lang='lat' dir='ltr'>bis</span> <span class='ocrx_word' id='word_1_118' title='bbox 669 1923 809 1999; x_wconf 88' lang='lat' dir='ltr'>advolat,</span> <span class='ocrx_word' id='word_1_119' title='bbox 830 1930 889 1987; x_wconf 86' lang='lat' dir='ltr'>aut</span> <span class='ocrx_word' id='word_1_120' title='bbox 912 1923 1013 1987; x_wconf 85' lang='lat' dir='ltr'>etiam</span> <span class='ocrx_word' id='word_1_121' title='bbox 1034 1924 1122 2010; x_wconf 92' lang='lat' dir='ltr'>quod</span> 
     </span>
     <span class='ocr_line' id='line_1_18' title="bbox 172 2023 1164 2111; baseline 0.004 -24"><span class='ocrx_word' id='word_1_122' title='bbox 172 2040 236 2106; x_wconf 88' lang='lat'>340</span> <span class='ocrx_word' id='word_1_123' title='bbox 256 2023 376 2086; x_wconf 90' lang='lat' dir='ltr'>circum</span> <span class='ocrx_word' id='word_1_124' title='bbox 398 2024 516 2110; x_wconf 87' lang='lat' dir='ltr'>agitur,</span> <span class='ocrx_word' id='word_1_125' title='bbox 538 2045 611 2087; x_wconf 90' lang='lat' dir='ltr'>cum</span> <span class='ocrx_word' id='word_1_126' title='bbox 635 2023 733 2100; x_wconf 88' lang='lat' dir='ltr'>venit,</span> <span class='ocrx_word' id='word_1_127' title='bbox 755 2023 862 2111; x_wconf 86' lang='lat' dir='ltr'>imago</span> <span class='ocrx_word' id='word_1_128' title='bbox 885 2027 1055 2110; x_wconf 86' lang='lat' dir='ltr'>propterea</span> <span class='ocrx_word' id='word_1_129' title='bbox 1099 2025 1164 2091; x_wconf 89' lang='lat' dir='ltr'>uod</span> 
     </span>
     <span class='ocr_line' id='line_1_19' title="bbox 257 2049 1098 2215; baseline 0.006 -28"><span class='ocrx_word' id='word_1_130' title='bbox 257 2123 341 2189; x_wconf 88' lang='lat' dir='ltr'>flexa</span> <span class='ocrx_word' id='word_1_131' title='bbox 361 2125 467 2211; x_wconf 88' lang='lat' dir='ltr'>figura</span> <span class='ocrx_word' id='word_1_132' title='bbox 488 2124 581 2188; x_wconf 89' lang='lat' dir='ltr'>docet</span> <span class='ocrx_word' id='word_1_133' title='bbox 603 2125 726 2210; x_wconf 87' lang='lat' dir='ltr'>speculi</span> <span class='ocrx_word' id='word_1_134' title='bbox 747 2127 929 2191; x_wconf 88' lang='lat' dir='ltr'>convertier</span> <span class='ocrx_word' id='word_1_135' title='bbox 950 2049 1098 2215; x_wconf 68' lang='lat' dir='ltr'>adnos?</span> 
     </span>
     <span class='ocr_line' id='line_1_20' title="bbox 256 2227 1079 2316; baseline 0.004 -24"><span class='ocrx_word' id='word_1_136' title='bbox 256 2227 427 2315; x_wconf 87' lang='lat' dir='ltr'>indugredi</span> <span class='ocrx_word' id='word_1_137' title='bbox 449 2249 541 2313; x_wconf 90' lang='lat' dir='ltr'>porro</span> <span class='ocrx_word' id='word_1_138' title='bbox 563 2228 684 2313; x_wconf 86' lang='lat' dir='ltr'>pariter</span> <span class='ocrx_word' id='word_1_139' title='bbox 705 2229 877 2293; x_wconf 84' lang='lat' dir='ltr'>simulacra</span> <span class='ocrx_word' id='word_1_140' title='bbox 899 2229 1079 2316; x_wconf 88' lang='lat' dir='ltr'>pedemque</span> 
     </span>
     <span class='ocr_line' id='line_1_21' title="bbox 260 2333 1061 2419; baseline 0.002 -23"><span class='ocrx_word' id='word_1_141' title='bbox 260 2354 379 2417; x_wconf 90' lang='lat' dir='ltr'>ponere</span> <span class='ocrx_word' id='word_1_142' title='bbox 401 2333 568 2396; x_wconf 88' lang='lat' dir='ltr'>nobiscum</span> <span class='ocrx_word' id='word_1_143' title='bbox 590 2333 700 2397; x_wconf 85' lang='lat' dir='ltr'>eredas</span> <span class='ocrx_word' id='word_1_144' title='bbox 721 2341 916 2419; x_wconf 90' lang='lat' dir='ltr'>gestumque</span> <span class='ocrx_word' id='word_1_145' title='bbox 939 2334 1061 2398; x_wconf 85' lang='lat' dir='ltr'>imitari</span> 
     </span>
     <span class='ocr_line' id='line_1_22' title="bbox 258 2437 1105 2524; baseline 0.004 -22"><span class='ocrx_word' id='word_1_146' title='bbox 258 2446 427 2522; x_wconf 88' lang='lat' dir='ltr'>propterea</span> <span class='ocrx_word' id='word_1_147' title='bbox 448 2438 534 2523; x_wconf 88' lang='lat' dir='ltr'>quia,</span> <span class='ocrx_word' id='word_1_148' title='bbox 556 2437 597 2502; x_wconf 92' lang='lat' dir='ltr'>de</span> <span class='ocrx_word' id='word_1_149' title='bbox 619 2438 742 2522; x_wconf 89' lang='lat' dir='ltr'>speculi</span> <span class='ocrx_word' id='word_1_150' title='bbox 764 2460 830 2523; x_wconf 89' lang='lat' dir='ltr'>qua</span> <span class='ocrx_word' id='word_1_151' title='bbox 852 2447 945 2524; x_wconf 86' lang='lat' dir='ltr'>parte</span> <span class='ocrx_word' id='word_1_152' title='bbox 966 2441 1105 2518; x_wconf 84' lang='lat' dir='ltr'>recedas,</span> 
     </span>
     <span class='ocr_line' id='line_1_23' title="bbox 171 2524 1063 2626; baseline 0.003 -22"><span class='ocrx_word' id='word_1_153' title='bbox 171 2556 231 2623; x_wconf 83' lang='grc'>345</span> <span class='ocrx_word' id='word_1_154' title='bbox 256 2541 408 2605; x_wconf 90' lang='lat' dir='ltr'>continuo</span> <span class='ocrx_word' id='word_1_155' title='bbox 431 2524 598 2626; x_wconf 82' lang='lat' dir='ltr'>nequeunt</span> <span class='ocrx_word' id='word_1_156' title='bbox 620 2541 709 2605; x_wconf 87' lang='lat' dir='ltr'>illino</span> <span class='ocrx_word' id='word_1_157' title='bbox 730 2541 903 2606; x_wconf 86' lang='lat' dir='ltr'>simulacra</span> <span class='ocrx_word' id='word_1_158' title='bbox 924 2544 1063 2622; x_wconf 81' lang='lat' dir='ltr'>reverti3</span> 
     </span>
     <span class='ocr_line' id='line_1_24' title="bbox 256 2644 1027 2730; baseline 0.001 -22"><span class='ocrx_word' id='word_1_159' title='bbox 256 2644 365 2708; x_wconf 85' lang='lat' dir='ltr'>omnia</span> <span class='ocrx_word' id='word_1_160' title='bbox 386 2644 646 2729; x_wconf 85' lang='lat' dir='ltr'>quandoquidem</span> <span class='ocrx_word' id='word_1_161' title='bbox 668 2645 755 2730; x_wconf 86' lang='lat' dir='ltr'>cogit</span> <span class='ocrx_word' id='word_1_162' title='bbox 777 2653 895 2708; x_wconf 87' lang='lat' dir='ltr'>natura</span> <span class='ocrx_word' id='word_1_163' title='bbox 916 2645 1027 2710; x_wconf 82' lang='lat' dir='ltr'>referri</span> 
     </span>
     <span class='ocr_line' id='line_1_25' title="bbox 256 2713 1131 2869; baseline 0 -57"><span class='ocrx_word' id='word_1_164' title='bbox 256 2770 293 2812; x_wconf 88' lang='lat' dir='ltr'>ac</span> <span class='ocrx_word' id='word_1_165' title='bbox 313 2749 435 2812; x_wconf 86' lang='lat' dir='ltr'>resilire</span> <span class='ocrx_word' id='word_1_166' title='bbox 458 2749 500 2813; x_wconf 90' lang='lat' dir='ltr'>ab</span> <span class='ocrx_word' id='word_1_167' title='bbox 522 2749 618 2813; x_wconf 89' lang='lat' dir='ltr'>rebus</span> <span class='ocrx_word' id='word_1_168' title='bbox 639 2748 681 2812; x_wconf 89' lang='lat' dir='ltr'>ad</span> <span class='ocrx_word' id='word_1_169' title='bbox 703 2770 823 2832; x_wconf 89' lang='lat' dir='ltr'>aequos</span> <span class='ocrx_word' id='word_1_170' title='bbox 846 2748 974 2812; x_wconf 86' lang='lat' dir='ltr'>reddita</span> <span class='ocrx_word' id='word_1_171' title='bbox 996 2713 1131 2869; x_wconf 59' lang='lat' dir='ltr'>{leuues</span> 
     </span>
     <span class='ocr_line' id='line_1_26' title="bbox 171 2835 1189 2962; baseline 0.001 -46"><span class='ocrx_word' id='word_1_172' title='bbox 171 2871 233 2934; x_wconf 87' lang='lat'>299</span> <span class='ocrx_word' id='word_1_173' title='bbox 299 2852 476 2937; x_wconf 84' lang='lat' dir='ltr'>Splendida</span> <span class='ocrx_word' id='word_1_174' title='bbox 497 2874 590 2937; x_wconf 85' lang='lat' dir='ltr'>porro</span> <span class='ocrx_word' id='word_1_175' title='bbox 613 2852 697 2916; x_wconf 90' lang='lat' dir='ltr'>oculi</span> <span class='ocrx_word' id='word_1_176' title='bbox 722 2852 866 2938; x_wconf 86' lang='lat' dir='ltr'>fugitant</span> <span class='ocrx_word' id='word_1_177' title='bbox 889 2852 1059 2937; x_wconf 88' lang='lat' dir='ltr'>vitantque</span> <span class='ocrx_word' id='word_1_178' title='bbox 1082 2835 1189 2962; x_wconf 63' lang='grc'>100011</span> 
     </span>
     <span class='ocr_line' id='line_1_27' title="bbox 255 2955 1050 3042; baseline 0 -23"><span class='ocrx_word' id='word_1_179' title='bbox 255 2956 301 3019; x_wconf 90' lang='lat' dir='ltr'>sol</span> <span class='ocrx_word' id='word_1_180' title='bbox 324 2956 424 3019; x_wconf 87' lang='lat' dir='ltr'>etiam</span> <span class='ocrx_word' id='word_1_181' title='bbox 446 2962 564 3031; x_wconf 87' lang='lat' dir='ltr'>caecat,</span> <span class='ocrx_word' id='word_1_182' title='bbox 586 2965 699 3019; x_wconf 89' lang='lat' dir='ltr'>contra</span> <span class='ocrx_word' id='word_1_183' title='bbox 720 2956 748 3019; x_wconf 91' lang='lat' dir='ltr'>si</span> <span class='ocrx_word' id='word_1_184' title='bbox 772 2955 904 3019; x_wconf 93' lang='lat' dir='ltr'>tendere</span> <span class='ocrx_word' id='word_1_185' title='bbox 927 2977 1050 3042; x_wconf 74' lang='lat' dir='ltr'>pergas</span> 
     </span>
     <span class='ocr_line' id='line_1_28' title="bbox 256 3057 1036 3145; baseline 0.001 -23"><span class='ocrx_word' id='word_1_186' title='bbox 256 3066 426 3144; x_wconf 87' lang='lat' dir='ltr'>propterea</span> <span class='ocrx_word' id='word_1_187' title='bbox 448 3058 525 3142; x_wconf 87' lang='lat' dir='ltr'>quia</span> <span class='ocrx_word' id='word_1_188' title='bbox 546 3059 595 3122; x_wconf 89' lang='lat' dir='ltr'>vis</span> <span class='ocrx_word' id='word_1_189' title='bbox 618 3067 767 3145; x_wconf 84' lang='lat' dir='ltr'>magnast</span> <span class='ocrx_word' id='word_1_190' title='bbox 790 3057 892 3143; x_wconf 89' lang='lat' dir='ltr'>ipsius</span> <span class='ocrx_word' id='word_1_191' title='bbox 914 3066 948 3122; x_wconf 91' lang='grc'>01</span> <span class='ocrx_word' id='word_1_192' title='bbox 970 3059 1036 3123; x_wconf 89' lang='grc'>0110</span> 
     </span>
     <span class='ocr_line' id='line_1_29' title="bbox 256 3161 1079 3248; baseline 0 -22"><span class='ocrx_word' id='word_1_193' title='bbox 256 3185 330 3226; x_wconf 87' lang='lat' dir='ltr'>aera</span> <span class='ocrx_word' id='word_1_194' title='bbox 352 3185 409 3248; x_wconf 88' lang='lat' dir='ltr'>per</span> <span class='ocrx_word' id='word_1_195' title='bbox 431 3184 549 3247; x_wconf 89' lang='lat' dir='ltr'>purum</span> <span class='ocrx_word' id='word_1_196' title='bbox 571 3161 714 3248; x_wconf 89' lang='lat' dir='ltr'>graviter</span> <span class='ocrx_word' id='word_1_197' title='bbox 736 3161 908 3225; x_wconf 88' lang='lat' dir='ltr'>simulacra</span> <span class='ocrx_word' id='word_1_198' title='bbox 929 3162 1079 3226; x_wconf 88' lang='lat' dir='ltr'>feruntur</span> 
     </span>
     <span class='ocr_line' id='line_1_30' title="bbox 257 3255 1030 3364; baseline -0.001 -35"><span class='ocrx_word' id='word_1_199' title='bbox 257 3272 291 3329; x_wconf 88' lang='lat' dir='ltr'>et</span> <span class='ocrx_word' id='word_1_200' title='bbox 314 3265 434 3328; x_wconf 88' lang='lat' dir='ltr'>feriunt</span> <span class='ocrx_word' id='word_1_201' title='bbox 457 3265 563 3328; x_wconf 92' lang='lat' dir='ltr'>oculos</span> <span class='ocrx_word' id='word_1_202' title='bbox 586 3264 754 3329; x_wconf 87' lang='lat' dir='ltr'>turbantia</span> <span class='ocrx_word' id='word_1_203' title='bbox 776 3255 1030 3364; x_wconf 62' lang='lat' dir='ltr'>composituram]</span> 
     </span>
     <span class='ocr_line' id='line_1_31' title="bbox 257 3366 1111 3454; baseline 0 -23"><span class='ocrx_word' id='word_1_204' title='bbox 257 3376 423 3454; x_wconf 89' lang='lat' dir='ltr'>praeterea</span> <span class='ocrx_word' id='word_1_205' title='bbox 444 3366 594 3452; x_wconf 90' lang='lat' dir='ltr'>splendor</span> <span class='ocrx_word' id='word_1_206' title='bbox 616 3367 812 3453; x_wconf 87' lang='lat' dir='ltr'>quicumque</span> <span class='ocrx_word' id='word_1_207' title='bbox 836 3376 885 3432; x_wconf 88' lang='lat' dir='ltr'>est</span> <span class='ocrx_word' id='word_1_208' title='bbox 907 3389 980 3432; x_wconf 87' lang='lat' dir='ltr'>acer</span> <span class='ocrx_word' id='word_1_209' title='bbox 1001 3368 1111 3432; x_wconf 87' lang='lat' dir='ltr'>adurit</span> 
     </span>
     <span class='ocr_line' id='line_1_32' title="bbox 173 3470 1373 3556; baseline 0.002 -20"><span class='ocrx_word' id='word_1_210' title='bbox 173 3487 232 3554; x_wconf 88' lang='grc'>305</span> <span class='ocrx_word' id='word_1_211' title='bbox 256 3493 352 3556; x_wconf 87' lang='lat' dir='ltr'>saepe</span> <span class='ocrx_word' id='word_1_212' title='bbox 374 3471 481 3534; x_wconf 89' lang='lat' dir='ltr'>oculos</span> <span class='ocrx_word' id='word_1_213' title='bbox 503 3470 575 3535; x_wconf 93' lang='lat' dir='ltr'>ideo</span> <span class='ocrx_word' id='word_1_214' title='bbox 597 3470 683 3556; x_wconf 93' lang='lat' dir='ltr'>quod</span> <span class='ocrx_word' id='word_1_215' title='bbox 705 3472 829 3535; x_wconf 86' lang='lat' dir='ltr'>semina</span> <span class='ocrx_word' id='word_1_216' title='bbox 850 3470 993 3555; x_wconf 89' lang='lat' dir='ltr'>possidet</span> <span class='ocrx_word' id='word_1_217' title='bbox 1015 3471 1099 3556; x_wconf 88' lang='lat' dir='ltr'>ignis</span> <span class='ocrx_word' id='word_1_218' title='bbox 1309 3489 1373 3554; x_wconf 88' lang='grc'>330</span> 
     </span>
     <span class='ocr_line' id='line_1_33' title="bbox 257 3546 1165 3679; baseline 0 -44"><span class='ocrx_word' id='word_1_219' title='bbox 257 3572 368 3647; x_wconf 86' lang='grc'>(00110,</span> <span class='ocrx_word' id='word_1_220' title='bbox 391 3570 532 3635; x_wconf 87' lang='lat' dir='ltr'>dolorem</span> <span class='ocrx_word' id='word_1_221' title='bbox 554 3571 655 3635; x_wconf 91' lang='lat' dir='ltr'>oculis</span> <span class='ocrx_word' id='word_1_222' title='bbox 677 3592 760 3656; x_wconf 86' lang='lat' dir='ltr'>quae</span> <span class='ocrx_word' id='word_1_223' title='bbox 783 3571 925 3657; x_wconf 89' lang='lat' dir='ltr'>gignunt</span> <span class='ocrx_word' id='word_1_224' title='bbox 947 3546 1165 3679; x_wconf 60' lang='lat' dir='ltr'>insinuandol</span> 
     </span>
    </p>
   </div>
   <div class='ocr_carea' id='block_1_3' title="bbox 171 3797 1379 3940">
    <p class='ocr_par' dir='ltr' id='par_1_3' title="bbox 171 3797 1379 3940">
     <span class='ocr_line' id='line_1_34' title="bbox 171 3797 1379 3862; baseline 0.001 -13"><span class='ocrx_word' id='word_1_225' title='bbox 171 3799 285 3850; x_wconf 83' lang='lat' dir='ltr'>Politian</span> <span class='ocrx_word' id='word_1_226' title='bbox 299 3799 458 3862; x_wconf 84' lang='lat' dir='ltr'>apparently,</span> <span class='ocrx_word' id='word_1_227' title='bbox 474 3797 526 3848; x_wconf 84' lang='lat' dir='ltr'>and</span> <span class='ocrx_word' id='word_1_228' title='bbox 542 3798 608 3848; x_wconf 84' lang='lat' dir='ltr'>Mar.</span> <span class='ocrx_word' id='word_1_229' title='bbox 624 3799 680 3860; x_wconf 82' lang='lat' dir='ltr'>give</span> <span class='ocrx_word' id='word_1_230' title='bbox 690 3799 735 3848; x_wconf 90' lang='lat' dir='ltr'>the</span> <span class='ocrx_word' id='word_1_231' title='bbox 750 3813 822 3848; x_wconf 87' lang='lat' dir='ltr'>sams</span> <span class='ocrx_word' id='word_1_232' title='bbox 837 3799 910 3849; x_wconf 87' lang='lat' dir='ltr'>order</span> <span class='ocrx_word' id='word_1_233' title='bbox 925 3814 954 3848; x_wconf 88' lang='lat' dir='ltr'>as</span> <span class='ocrx_word' id='word_1_234' title='bbox 970 3798 1015 3849; x_wconf 86' lang='lat' dir='ltr'>the</span> <span class='ocrx_word' id='word_1_235' title='bbox 1031 3800 1105 3851; x_wconf 85' lang='lat' dir='ltr'>Junt.</span> <span class='ocrx_word' id='word_1_236' title='bbox 1120 3799 1168 3850; x_wconf 86' lang='lat' dir='ltr'>viz.</span> <span class='ocrx_word' id='word_1_237' title='bbox 1184 3800 1233 3850; x_wconf 82' lang='lat'>298</span> <span class='ocrx_word' id='word_1_238' title='bbox 1248 3801 1379 3850; x_wconf 79' lang='grc'>323-315</span> 
     </span>
     <span class='ocr_line' id='line_1_35' title="bbox 171 3880 1378 3940; baseline 0.003 -11"><span class='ocrx_word' id='word_1_239' title='bbox 171 3883 300 3933; x_wconf 77' lang='lat' dir='ltr'>aes-322</span> <span class='ocrx_word' id='word_1_240' title='bbox 312 3881 440 3930; x_wconf 72' lang='lat' dir='ltr'>ets-352</span> <span class='ocrx_word' id='word_1_241' title='bbox 453 3881 859 3932; x_wconf 80' lang='lat'>326-341353-363342—347</span> <span class='ocrx_word' id='word_1_242' title='bbox 872 3881 919 3929; x_wconf 84' lang='grc'>304</span> <span class='ocrx_word' id='word_1_243' title='bbox 931 3882 959 3931; x_wconf 81' lang='lat' dir='ltr'>ol</span> <span class='ocrx_word' id='word_1_244' title='bbox 969 3880 1013 3931; x_wconf 89' lang='lat' dir='ltr'>the</span> <span class='ocrx_word' id='word_1_245' title='bbox 1024 3897 1073 3930; x_wconf 91' lang='lat' dir='ltr'>ms.</span> <span class='ocrx_word' id='word_1_246' title='bbox 1084 3882 1166 3940; x_wconf 86' lang='lat' dir='ltr'>order,</span> <span class='ocrx_word' id='word_1_247' title='bbox 1176 3895 1206 3930; x_wconf 87' lang='lat' dir='ltr'>or</span> <span class='ocrx_word' id='word_1_248' title='bbox 1217 3881 1276 3931; x_wconf 85' lang='lat' dir='ltr'>that</span> <span class='ocrx_word' id='word_1_249' title='bbox 1287 3897 1322 3932; x_wconf 92' lang='lat' dir='ltr'>on</span> <span class='ocrx_word' id='word_1_250' title='bbox 1332 3883 1378 3933; x_wconf 90' lang='lat' dir='ltr'>the</span> 
     </span>
    </p>
   </div>
   <div class='ocr_carea' id='block_1_4' title="bbox 171 3964 1381 4357">
    <p class='ocr_par' dir='ltr' id='par_1_4' title="bbox 171 3964 1381 4357">
     <span class='ocr_line' id='line_1_36' title="bbox 172 3964 1380 4028; baseline 0.001 -12"><span class='ocrx_word' id='word_1_251' title='bbox 172 3967 218 4016; x_wconf 81' lang='lat' dir='ltr'>left</span> <span class='ocrx_word' id='word_1_252' title='bbox 230 3967 257 4016; x_wconf 84' lang='grc'>01</span> <span class='ocrx_word' id='word_1_253' title='bbox 268 3981 313 4028; x_wconf 88' lang='lat' dir='ltr'>my</span> <span class='ocrx_word' id='word_1_254' title='bbox 323 3964 428 4014; x_wconf 88' lang='lat' dir='ltr'>edition.</span> <span class='ocrx_word' id='word_1_255' title='bbox 529 3965 577 4014; x_wconf 82' lang='lat'>299</span> <span class='ocrx_word' id='word_1_256' title='bbox 588 3972 613 4012; x_wconf 95' lang='grc'>01</span> <span class='ocrx_word' id='word_1_257' title='bbox 624 3965 744 4012; x_wconf 79' lang='grc' dir='ltr'>01100οΒ</span> <span class='ocrx_word' id='word_1_258' title='bbox 757 3979 821 4013; x_wconf 87' lang='lat' dir='ltr'>corr.</span> <span class='ocrx_word' id='word_1_259' title='bbox 834 3964 903 4013; x_wconf 88' lang='lat' dir='ltr'>Flor.</span> <span class='ocrx_word' id='word_1_260' title='bbox 916 3964 1048 4014; x_wconf 75' lang='grc'>31001010.</span> <span class='ocrx_word' id='word_1_261' title='bbox 1062 3965 1102 4014; x_wconf 86' lang='lat' dir='ltr'>lor</span> <span class='ocrx_word' id='word_1_262' title='bbox 1113 3972 1137 4015; x_wconf 86' lang='grc'>01</span> <span class='ocrx_word' id='word_1_263' title='bbox 1149 3967 1231 4014; x_wconf 78' lang='lat' dir='ltr'>lisam.</span> <span class='ocrx_word' id='word_1_264' title='bbox 1330 3968 1380 4017; x_wconf 87' lang='grc'>300</span> 
     </span>
     <span class='ocr_line' id='line_1_37' title="bbox 171 4045 1380 4110; baseline 0.001 -12"><span class='ocrx_word' id='word_1_265' title='bbox 171 4050 286 4110; x_wconf 77' lang='grc'>01000,</span> <span class='ocrx_word' id='word_1_266' title='bbox 301 4045 450 4096; x_wconf 73' lang='lat' dir='ltr'>salehach.</span> <span class='ocrx_word' id='word_1_267' title='bbox 465 4045 689 4094; x_wconf 72' lang='grc'>1001101010010.</span> <span class='ocrx_word' id='word_1_268' title='bbox 724 4047 783 4094; x_wconf 81' lang='lat' dir='ltr'>Fiet</span> <span class='ocrx_word' id='word_1_269' title='bbox 793 4045 896 4095; x_wconf 80' lang='grc'>01.’..10’0</span> <span class='ocrx_word' id='word_1_270' title='bbox 908 4046 974 4094; x_wconf 74' lang='lat' dir='ltr'>idam</span> <span class='ocrx_word' id='word_1_271' title='bbox 985 4045 1121 4096; x_wconf 73' lang='grc'>11100110.</span> <span class='ocrx_word' id='word_1_272' title='bbox 1137 4048 1151 4094; x_wconf 96' lang='grc'>1</span> <span class='ocrx_word' id='word_1_273' title='bbox 1162 4047 1237 4096; x_wconf 75' lang='grc'>«1001.</span> <span class='ocrx_word' id='word_1_274' title='bbox 1331 4050 1380 4099; x_wconf 86' lang='grc'>303</span> 
     </span>
     <span class='ocr_line' id='line_1_38' title="bbox 171 4126 1379 4181; baseline 0 0"><span class='ocrx_word' id='word_1_275' title='bbox 171 4146 242 4181; x_wconf 82' lang='grc'>00000</span> <span class='ocrx_word' id='word_1_276' title='bbox 254 4130 320 4181; x_wconf 84' lang='lat' dir='ltr'>Mar.</span> <span class='ocrx_word' id='word_1_277' title='bbox 332 4130 405 4178; x_wconf 85' lang='lat' dir='ltr'>Junt.</span> <span class='ocrx_word' id='word_1_278' title='bbox 419 4129 458 4176; x_wconf 84' lang='lat' dir='ltr'>for</span> <span class='ocrx_word' id='word_1_279' title='bbox 468 4143 519 4177; x_wconf 78' lang='grc'>000.</span> <span class='ocrx_word' id='word_1_280' title='bbox 553 4133 598 4175; x_wconf 86' lang='grc'>001</span> <span class='ocrx_word' id='word_1_281' title='bbox 609 4126 742 4176; x_wconf 73' lang='lat' dir='ltr'>sasbach.</span> <span class='ocrx_word' id='word_1_282' title='bbox 893 4127 942 4176; x_wconf 81' lang='lat'>304</span> <span class='ocrx_word' id='word_1_283' title='bbox 953 4129 1067 4177; x_wconf 82' lang='grc'>10100001</span> <span class='ocrx_word' id='word_1_284' title='bbox 1079 4128 1144 4177; x_wconf 85' lang='lat' dir='ltr'>Mar.</span> <span class='ocrx_word' id='word_1_285' title='bbox 1155 4128 1213 4177; x_wconf 85' lang='lat' dir='ltr'>Ald.</span> <span class='ocrx_word' id='word_1_286' title='bbox 1227 4130 1240 4176; x_wconf 91' lang='lat'>1</span> <span class='ocrx_word' id='word_1_287' title='bbox 1254 4130 1326 4180; x_wconf 75' lang='lat' dir='ltr'>lunt.</span> <span class='ocrx_word' id='word_1_288' title='bbox 1339 4132 1379 4181; x_wconf 79' lang='lat' dir='ltr'>lor</span> 
     </span>
     <span class='ocr_line' id='line_1_39' title="bbox 172 4208 1379 4264; baseline -0.001 0"><span class='ocrx_word' id='word_1_289' title='bbox 172 4215 268 4264; x_wconf 82' lang='lat' dir='ltr'>latebit.</span> <span class='ocrx_word' id='word_1_290' title='bbox 423 4211 471 4259; x_wconf 87' lang='grc'>310</span> <span class='ocrx_word' id='word_1_291' title='bbox 481 4211 636 4259; x_wconf 81' lang='lat' dir='ltr'>convertitur</span> <span class='ocrx_word' id='word_1_292' title='bbox 645 4208 725 4257; x_wconf 85' lang='lat' dir='ltr'>Laoh.</span> <span class='ocrx_word' id='word_1_293' title='bbox 738 4209 778 4257; x_wconf 78' lang='lat' dir='ltr'>for</span> <span class='ocrx_word' id='word_1_294' title='bbox 789 4211 925 4258; x_wconf 73' lang='lat' dir='ltr'>coavmtit:</span> <span class='ocrx_word' id='word_1_295' title='bbox 943 4223 986 4258; x_wconf 87' lang='lat' dir='ltr'>soe</span> <span class='ocrx_word' id='word_1_296' title='bbox 997 4210 1045 4260; x_wconf 80' lang='lat'>295</span> <span class='ocrx_word' id='word_1_297' title='bbox 1057 4210 1109 4259; x_wconf 87' lang='lat' dir='ltr'>aud</span> <span class='ocrx_word' id='word_1_298' title='bbox 1121 4211 1176 4261; x_wconf 82' lang='grc'>317.</span> <span class='ocrx_word' id='word_1_299' title='bbox 1212 4218 1346 4262; x_wconf 79' lang='lat' dir='ltr'>retrorsum</span> <span class='ocrx_word' id='word_1_300' title='bbox 1357 4215 1379 4263; x_wconf 84' lang='grc' dir='ltr'><strong>Δ</strong></span> 
     </span>
     <span class='ocr_line' id='line_1_40' title="bbox 172 4287 1381 4357; baseline -0.001 -11"><span class='ocrx_word' id='word_1_301' title='bbox 172 4309 237 4346; x_wconf 87' lang='lat' dir='ltr'>oorr.</span> <span class='ocrx_word' id='word_1_302' title='bbox 248 4295 270 4344; x_wconf 91' lang='lat' dir='ltr'>B</span> <span class='ocrx_word' id='word_1_303' title='bbox 282 4294 321 4344; x_wconf 82' lang='lat' dir='ltr'>for</span> <span class='ocrx_word' id='word_1_304' title='bbox 332 4302 398 4344; x_wconf 78' lang='lat' dir='ltr'>retro</span> <span class='ocrx_word' id='word_1_305' title='bbox 409 4306 508 4341; x_wconf 82' lang='lat' dir='ltr'>rursum</span> <span class='ocrx_word' id='word_1_306' title='bbox 518 4290 566 4339; x_wconf 88' lang='lat' dir='ltr'>has</span> <span class='ocrx_word' id='word_1_307' title='bbox 578 4289 672 4339; x_wconf 79' lang='lat' dir='ltr'>caused</span> <span class='ocrx_word' id='word_1_308' title='bbox 683 4287 761 4337; x_wconf 85' lang='lat' dir='ltr'>much</span> <span class='ocrx_word' id='word_1_309' title='bbox 773 4290 910 4338; x_wconf 80' lang='lat' dir='ltr'>confusion</span> <span class='ocrx_word' id='word_1_310' title='bbox 922 4288 949 4339; x_wconf 91' lang='lat' dir='ltr'>in</span> <span class='ocrx_word' id='word_1_311' title='bbox 961 4289 1004 4339; x_wconf 89' lang='lat' dir='ltr'>old</span> <span class='ocrx_word' id='word_1_312' title='bbox 1015 4290 1072 4342; x_wconf 86' lang='lat' dir='ltr'>eds.</span> <span class='ocrx_word' id='word_1_313' title='bbox 1138 4293 1186 4340; x_wconf 85' lang='grc'>318</span> <span class='ocrx_word' id='word_1_314' title='bbox 1194 4307 1270 4355; x_wconf 80' lang='lat' dir='ltr'>porro</span> <span class='ocrx_word' id='word_1_315' title='bbox 1279 4298 1381 4357; x_wconf 80' lang='lat' dir='ltr'>pariter</span> 
     </span>
    </p>
   </div>
   <div class='ocr_carea' id='block_1_5' title="bbox 171 4371 1381 4438">
    <p class='ocr_par' dir='ltr' id='par_1_5' title="bbox 171 4371 1381 4438">
     <span class='ocr_line' id='line_1_41' title="bbox 171 4371 1381 4438; baseline 0.002 -13"><span class='ocrx_word' id='word_1_316' title='bbox 171 4376 276 4426; x_wconf 82' lang='lat' dir='ltr'>ANioc.</span> <span class='ocrx_word' id='word_1_317' title='bbox 288 4374 357 4425; x_wconf 80' lang='lat' dir='ltr'>Flor.</span> <span class='ocrx_word' id='word_1_318' title='bbox 369 4375 400 4424; x_wconf 83' lang='lat'>31</span> <span class='ocrx_word' id='word_1_319' title='bbox 413 4373 502 4422; x_wconf 71' lang='lat' dir='ltr'>(lamb.</span> <span class='ocrx_word' id='word_1_320' title='bbox 515 4375 564 4421; x_wconf 88' lang='lat' dir='ltr'>etc.</span> <span class='ocrx_word' id='word_1_321' title='bbox 594 4374 694 4435; x_wconf 76' lang='lat' dir='ltr'>pariter</span> <span class='ocrx_word' id='word_1_322' title='bbox 701 4386 776 4435; x_wconf 78' lang='lat' dir='ltr'>porro</span> <span class='ocrx_word' id='word_1_323' title='bbox 788 4371 819 4419; x_wconf 92' lang='lat' dir='ltr'>B.</span> <span class='ocrx_word' id='word_1_324' title='bbox 832 4371 903 4421; x_wconf 88' lang='lat' dir='ltr'>Mon.</span> <span class='ocrx_word' id='word_1_325' title='bbox 997 4373 1189 4437; x_wconf 73' lang='grc'>3110030000.</span> <span class='ocrx_word' id='word_1_326' title='bbox 1223 4379 1381 4438; x_wconf 64' lang='lat' dir='ltr'>sequanos</span> 
     </span>
    </p>
   </div>
   <div class='ocr_carea' id='block_1_6' title="bbox 0 0 1508 4800">
    <p class='ocr_par' dir='ltr' id='par_1_6' title="bbox 0 0 1508 4800">
     <span class='ocr_line' id='line_1_42' title="bbox 0 0 1508 4800; baseline 0 0"><span class='ocrx_word' id='word_1_327' title='bbox 0 0 1508 4800; x_wconf 95' lang='lat' dir='ltr'> </span> 
     </span>
    </p>
   </div>
  </div>
 </body>
</html>
