3008 4800
265 486 374 551 mollia
395 510 470 551 cum
493 465 653 652 faciunt]
669 508 745 550 nam
767 508 878 552 sensus
900 487 1048 574 iungitur
1071 490 1175 554 omnis

266 590 440 654 visceribus
462 589 569 654 nervis
591 610 630 653 ve
655 588 691 664 is,
713 610 795 673 quae
818 588 934 673 cuique
956 590 1103 655 videmus

266 694 375 758 mollia
397 692 525 757 mortali
546 691 719 756 consistere
741 713 870 776 corpore
892 671 1004 781 oretal

265 797 322 860 sed
344 805 455 861 tamen
477 805 547 860 esto
568 795 634 859 iam
656 816 748 880 posse
770 795 849 858 haec
871 802 1003 858 aeterna
1025 817 1174 859 manere:

263 922 380 985 nempe
403 909 513 964 tamen
533 899 656 964 debent
677 906 736 962 aut
757 919 885 962 sensum
907 898 1009 982 partis
1031 898 1150 963 habere

264 1013 322 1067 aut
343 1002 442 1067 simili
465 1001 543 1067 totis
564 999 758 1066 animalibus
780 1021 848 1064 esse
870 978 1000 1103 putari!

265 1115 300 1171 at
323 1114 486 1192 nequeant
508 1128 566 1192 per
587 1127 622 1169 se
644 1112 753 1189 partes
774 1103 894 1167 sentire
916 1126 1045 1169 necesse
1068 1113 1135 1183 est3

266 1231 405 1294 namque
427 1209 489 1272 alio
512 1229 624 1282 sensus
647 1207 864 1271 membrorum
886 1207 1017 1291 respicit
1038 1207 1151 1285 omnis,

265 1334 325 1377 nec
347 1333 463 1375 manus
484 1333 505 1374 a
526 1309 619 1374 nobis
641 1308 727 1394 potis
748 1317 798 1373 est
819 1318 943 1374 secreta
964 1331 1069 1397 neque
1092 1311 1159 1375 ulla

264 1414 403 1500 corporis
424 1412 556 1478 omnino
577 1433 707 1476 sensum
729 1433 802 1497 pars
824 1412 891 1476 sola
912 1420 1031 1478 tenere.

266 1518 425 1604 linquitur
446 1523 485 1580 ut
507 1514 586 1580 totis
607 1513 828 1579 animantibus
849 1515 1030 1581 adsimulen
1048 1487 1111 1610 unl

178 1638 241 1705 923
265 1621 311 1685 sic
332 1619 448 1685 itidem
470 1641 553 1705 quae
575 1617 733 1683 sentimus
754 1617 873 1682 sentire
895 1627 1064 1696 necessest,

178 1740 240 1807 915
265 1722 359 1788 vitali
381 1730 420 1786 ut
441 1721 565 1807 possint
586 1720 765 1785 consentire
788 1721 931 1808 undique
953 1702 1083 1821 sensu}

170 1847 172 1850 ’
265 1826 323 1913 qui
344 1833 498 1912 poterunt
520 1824 622 1912 igitur
642 1846 751 1889 rerum
772 1824 946 1910 primordia
967 1825 1032 1891 dici

265 1939 299 1994 et
322 1929 381 1993 leti
404 1929 506 1993 vitare
528 1927 605 2003 vias,
628 1927 780 1991 animalia
802 1950 875 1992 oum
898 1928 972 2006 sint,

263 2033 369 2118 adque
391 2030 544 2095 animalia
564 2030 629 2095 sint
652 2030 840 2095 mortalibus
862 2053 928 2094 una
950 2031 1127 2118 eademque
1142 1991 1170 2141 ll

264 2137 350 2222 quod
371 2144 482 2201 tamen
504 2143 543 2199 ut
565 2133 697 2219 possint,
719 2142 754 2197 at
776 2142 870 2199 coetu
892 2135 1089 2221 concilioque

177 2257 245 2324 920
264 2239 312 2304 nil
335 2239 454 2304 facient
475 2245 604 2325 praeter
626 2237 757 2322 volgum
780 2237 973 2323 turbamque
995 2238 1213 2318 animantum,

263 2343 386 2408 scilicet
408 2351 447 2406 ut
468 2349 632 2426 nequeant
653 2339 798 2405 homines
820 2349 967 2405 armenta
988 2341 1137 2427 feraeque
1204 2396 1206 2399 ,

265 2447 351 2510 inter
372 2467 441 2510 sese
464 2444 564 2508 ullam
586 2465 655 2508 rem
677 2442 808 2528 gignere
831 2432 1072 2558 conveniundo.}

178 2570 245 2634 924
267 2551 353 2637 quod
375 2549 403 2614 si
426 2549 508 2614 forte
530 2569 625 2611 suum
648 2546 822 2611 dimittunt
844 2570 974 2632 corpore
996 2570 1126 2613 sensum

265 2665 365 2740 atque
386 2654 485 2718 alium
509 2651 652 2738 capiunt,
675 2652 753 2737 quid
776 2675 856 2738 opus
879 2653 942 2718 fuit
963 2654 1108 2720 adtribui
1129 2655 1163 2720 id
1187 2657 1273 2741 quod
1317 2674 1378 2740 925

265 2759 472 2824 detrahitur?
502 2765 573 2821 tum
596 2765 772 2842 praeterea,
793 2781 857 2843 quo
880 2760 1024 2845 sugimus
1046 2769 1134 2838 ante,

265 2871 426 2949 quatenus
448 2861 483 2924 in
505 2859 609 2950 pullos
631 2859 780 2943 animalis
801 2862 920 2927 vertier
941 2884 1002 2927 ova

265 2965 425 3029 cernimus
447 2962 588 3026 alituum
610 2962 790 3048 vermisque
812 2965 972 3043 effervere,
996 2974 1115 3030 terram

265 3067 511 3152 intempestivos
532 3087 630 3151 quom
652 3075 750 3153 putor
770 3068 858 3154 cepit
879 3070 920 3133 ob
942 3070 1064 3148 imbris,

264 3170 344 3236 scire
367 3170 442 3234 licet
464 3168 555 3256 gigni
578 3191 670 3254 posse
691 3191 730 3234 ex
753 3193 816 3234 non
839 3172 977 3237 sensibu'
1000 3196 1120 3240 sensus
1315 3196 1381 3260 930

307 3273 402 3352 Quod
424 3272 453 3337 si
476 3273 558 3338 forte
579 3273 698 3359 aliquis
720 3273 806 3339 dicet
827 3275 1000 3342 dumtaxat
1022 3278 1097 3342 oriri

210 3527 259 3578 905
270 3527 359 3590 cuique
370 3525 419 3575 Ed.
432 3526 472 3574 for
483 3541 592 3589 comque.
625 3534 717 3575 cuncto
727 3526 807 3576 Lach.
938 3529 985 3579 909
996 3530 1076 3577 simili
1089 3528 1168 3580 Lach.
1184 3530 1224 3579 lor
1235 3532 1337 3580 similis.

210 3611 259 3661 910
275 3612 310 3658 At
326 3608 391 3658 Mar.
408 3609 482 3657 Junt.
500 3608 540 3658 for
556 3611 616 3657 Aut.
718 3610 764 3659 911
781 3611 834 3658 alio
851 3609 930 3659 111111.
948 3610 1077 3668 1111ῑί11,
1096 3614 1200 3674 respuit
1217 3613 1257 3662 for
1272 3617 1377 3677 respuit.

178 3695 246 3743 Nom
261 3695 329 3743 ratio
345 3692 422 3741 Bem.
441 3692 481 3741 for
497 3693 612 3755 Namque
628 3694 700 3750 alios,
717 3693 844 3755 retaining
860 3695 962 3757 respuit.
1095 3695 1143 3745 915
1161 3693 1229 3760 (929)
1264 3696 1278 3744 I
1294 3696 1381 3746 follow

177 3776 256 3826 Bern.
268 3774 297 3824 in
307 3774 411 3839 placing
422 3775 476 3824 this
486 3789 558 3824 verse
569 3774 637 3837 here,
652 3774 738 3824 rather
749 3774 814 3825 than
825 3775 906 3826 Laoh.
918 3777 976 3826 who
987 3777 1075 3827 makes
1087 3778 1108 3828 it
1119 3779 1205 3828 follow
1216 3779 1265 3830 916
1277 3781 1354 3844 (915).

211 3858 259 3909 919
276 3858 401 3907 1111111111
416 3860 468 3906 sint
484 3855 563 3906 Lech.
581 3857 622 3906 for
639 3859 804 3906 aniomlibus:
821 3871 904 3919 comp.
922 3858 969 3906 458
986 3858 1039 3908 and
1055 3875 1082 3908 rv
1099 3862 1146 3910 81:
1163 3862 1216 3910 sint
1231 3876 1284 3910 was
1300 3861 1381 3911 added

176 3939 211 4004 by
229 3938 295 3989 Mar.
313 3937 364 3988 and
380 3938 453 3988 lunt.
554 3938 603 3988 920
620 3945 650 3986 at
661 3946 733 3986 coetu
749 3938 820 3987 Mon.
839 3938 916 3988 Lech
937 3938 977 3988 for
993 3941 1025 3987 ob
1042 3949 1134 3992 eoretu.
1170 3943 1202 3990 ab
1220 3951 1290 3992 coetu
1307 3944 1380 3992 Junt.

176 4029 294 4070 concretu
310 4019 422 4069 Politian
439 4019 467 4067 in
484 4032 564 4080 marg.
581 4018 651 4067 Flos.
670 4020 709 4069 29.
846 4021 894 4070 922
910 4029 1043 4083 nequeant.
1079 4032 1205 4086 nequeunt
1222 4023 1274 4072 (111.
1292 4024 1378 4075 Bentl.

178 4101 274 4152 Lech:
291 4101 337 4150 but
349 4100 392 4150 the
404 4100 528 4163 potential
539 4100 561 4148 is
572 4099 599 4149 in
611 4100 692 4162 place.
812 4101 859 4152 926
872 4118 919 4165 qao
925 4105 1038 4165 sapimus
1052 4105 1126 4155 Waln
1142 4106 1183 4154 for
1194 4109 1261 4168 qood
1266 4107 1381 4168 sopimus

178 4183 263 4234 which
274 4183 354 4235 Laoh.
366 4184 394 4233 in
405 4183 467 4234 vain
478 4182 596 4233 defends:
614 4182 660 4233 the
670 4187 731 4246 poet
742 4183 820 4232 refers
831 4188 858 4233 to
869 4186 918 4236 870
928 4199 992 4246 sqq..
1005 4191 1051 4236 not
1063 4191 1090 4236 to
1107 4189 1164 4238 886.
1198 4191 1264 4250 quod
1276 4193 1381 4239 vicimus

176 4266 225 4316 Ed
246 4265 274 4314 in
291 4264 367 4314 small
383 4265 422 4314 ed.
520 4267 568 4316 928
585 4266 709 4327 effervere,
728 4273 818 4314 terram
834 4269 1022 4330 Intempestivos
1040 4284 1112 4330 quom
1131 4269 1205 4336 (1111)
1219 4279 1297 4334 putor
1313 4275 1379 4334 cepit

176 4349 242 4398 Mar.
260 4349 300 4397 lor
316 4350 432 4410 effervere
453 4355 471 4396 t.
494 4350 685 4411 Intempestivos
703 4363 776 4411 quom
789 4364 817 4412 p.
837 4350 950 4413 11111111,
969 4352 1049 4412 eoepit
1066 4351 1098 4401 B.
1177 4355 1293 4415 effervere
1310 4356 1384 4404 Nico.
