3008 4800
146 289 186 355 54
605 272 739 344 Ἰ

223 436 400 505 iservitium
422 451 533 505 contra
555 450 727 527 paupertas
749 442 956 528 divitiaeque,

231 543 363 608 libertas
385 544 508 608 bellum
530 545 705 621 concordia,
727 556 834 610 cetera
856 569 993 631 quorum

231 643 373 710 adventu
397 656 506 710 manet
529 647 696 712 incolumis
718 657 835 712 natura
856 649 1022 734 obituque,

233 748 311 812 haec
333 748 420 812 soliti
442 770 561 825 sumus,
584 758 623 813 ut
645 771 703 835 par
725 758 783 827 est,
805 759 922 815 eventa
945 745 1075 855 vocarel

152 492 226 579 fit

218 586 221 595 ι

213 620 221 629 ι.

233 861 361 937 tempus
384 854 464 917 item
487 875 599 938 perse
622 876 686 917 non
708 863 767 929 est,
789 855 845 919 sed
867 855 963 919 rebus
986 855 1027 919 ab
1050 855 1129 941 ipsis

232 955 439 1039 consequitur
461 976 580 1031 sensus
603 963 802 1021 transactum
824 956 904 1042 quid
927 956 1027 1030 sitin
1049 971 1136 1032 aevo,
1281 957 1346 1035 460

233 1067 304 1122 tum
327 1080 409 1143 quae
432 1081 482 1123 res
505 1060 613 1135 instet,
636 1059 714 1145 quid
737 1082 829 1145 porro
851 1059 969 1124 deinde
992 1050 1172 1151 sequatur}

233 1182 292 1224 nec
315 1183 372 1247 per
393 1183 427 1225 se
449 1183 644 1247 quemquam
666 1172 796 1248 tempus
817 1163 939 1228 sentire
961 1163 1162 1228 fatendumst

233 1272 393 1328 semotum
416 1265 458 1329 ab
481 1287 587 1329 rernm
610 1275 699 1330 motu
724 1266 913 1353 placidaque
935 1259 1070 1370 quiete}
1086 1288 1108 1332 3-

233 1366 373 1453 denique
396 1366 612 1453 Tyndaridem
636 1377 761 1454 raptam
784 1369 932 1455 belloque
954 1370 1105 1434 subactas

235 1470 445 1558 Troiiugenas
466 1471 574 1557 gentis
595 1493 669 1536 cum
691 1469 806 1536 dicunt
827 1494 906 1549 esse,
929 1472 1138 1537 videndumst
1281 1471 1344 1552 465

235 1596 276 1638 ne
300 1574 382 1639 forte
404 1574 483 1639 haec
505 1596 562 1660 per
583 1596 616 1638 se
639 1583 757 1660 cogant
779 1597 836 1639 nos
859 1596 927 1639 esse
950 1565 1053 1651 fateri,

235 1677 364 1762 quando
387 1701 425 1744 ea
447 1678 550 1743 saecla
572 1678 749 1756 hominum,
771 1702 907 1765 quorum
930 1680 1010 1745 haec
1034 1688 1151 1744 eventa
1173 1680 1315 1756 fuerunt,

236 1779 459 1846 inrevocabilis
481 1780 653 1846 abstulerit
675 1782 741 1846 iam
764 1783 942 1868 praeterita
964 1791 1074 1862 aetas3

236 1904 376 1968 namque
399 1884 482 1948 aliut
504 1883 646 1961 Teucris,
667 1885 749 1949 aliut
771 1885 957 1972 regionibus
980 1885 1058 1971 ipsis

237 1995 390 2051 eventum
413 1986 477 2051 dici
499 1987 618 2073 poterit
641 1988 864 2074 quodcumque
887 1987 950 2053 erit
971 1996 1088 2053 actum.
1284 2005 1351 2070 470

237 2089 376 2176 denique
398 2090 551 2155 materies
572 2091 600 2155 si
622 2112 729 2156 rerum
751 2091 841 2156 nulla
864 2091 981 2156 fuisset

237 2214 296 2259 nec
319 2195 406 2259 locus
428 2216 464 2258 ac
486 2195 637 2280 spatium,
659 2217 709 2259 res
730 2195 765 2259 in
787 2218 851 2281 quo
873 2218 1020 2282 quaeque
1042 2206 1208 2283 geruntur,

236 2321 414 2384 numquam
438 2297 629 2384 Tyndaridis
651 2298 770 2363 formae
792 2298 949 2364 conflatus
972 2321 1079 2363 amore

236 2402 329 2489 ignis,
351 2401 527 2467 Alexandri
549 2401 689 2489 Phrygio
711 2401 772 2467 sub
794 2411 922 2488 pectore
943 2403 1090 2490 gliscens

236 2508 322 2571 clara
342 2505 538 2572 accendisset
560 2506 647 2570 saevi
668 2507 845 2571 certamina
865 2506 951 2584 belli,

237 2634 297 2676 nec
319 2612 402 2676 elam
424 2611 578 2675 durateus
600 2610 759 2675 Troiianis
781 2611 939 2697 Pergama
961 2618 1056 2696 partu

235 2715 466 2780 inflammasset
488 2736 585 2799 equos
607 2723 764 2779 nocturno
786 2687 1108 2801 Graiiugenarum3ll

240 2822 418 2908 perspicere
441 2830 479 2886 ut
501 2821 603 2906 possis
625 2841 676 2884 res
697 2829 806 2906 gestas
828 2820 976 2884 funditus
998 2803 1101 2882 omnis

240 2947 304 2989 non
326 2924 374 2990 ita
395 2924 447 2989 uti
470 2945 583 3009 corpus
605 2945 662 3008 per
684 2945 719 2987 se
740 2931 886 2987 constare
909 2943 1014 3006 neque
1036 2942 1113 2996 esse,

239 3050 297 3093 nec
319 3027 444 3093 ratione
467 3026 572 3091 cluere
596 3026 708 3091 eadem
730 3048 796 3111 qua
817 3034 944 3090 constet
965 3024 1072 3098 inane,
1285 3023 1351 3100 480

239 3132 295 3197 sed
317 3132 421 3218 magis
444 3138 482 3194 ut
504 3131 620 3194 merito
642 3128 743 3215 possis
765 3136 882 3193 eventa
904 3148 1016 3192 vocare

239 3236 378 3321 corporis
400 3243 498 3320 atque
521 3232 590 3310 loci,
612 3255 663 3298 res
685 3232 719 3297 in
741 3253 805 3318 quo
827 3253 974 3317 quaeque
996 3211 1171 3371 gerantur!

283 3339 424 3425 Corpora
446 3348 523 3403 sunt
545 3359 638 3423 porro
660 3336 779 3423 partim
801 3334 976 3421 primordia
998 3355 1115 3407 rerum,

153 3624 248 3673 cannot
263 3622 337 3682 exist,
351 3619 403 3671 and
420 3620 464 3670 the
479 3618 579 3669 datires
593 3632 636 3667 are
651 3621 697 3667 not
711 3616 854 3667 consistent
870 3614 932 3664 with
944 3614 988 3664 the
998 3612 1123 3676 genitium
1134 3613 1162 3662 oi
1175 3614 1240 3663 453:
1260 3612 1350 3664 Iamb.

152 3704 227 3755 reads
237 3706 314 3761 eccm,
327 3705 405 3760 calor.
416 3703 521 3764 icstibn',
534 3703 618 3764 liquor
629 3703 725 3764 aquei:
742 3698 789 3749 but
799 3697 875 3748 Lucr.
887 3711 965 3747 never
976 3710 1035 3744 uses
1047 3710 1063 3744 a
1074 3694 1127 3744 dat.
1140 3694 1167 3743 in
1178 3698 1215 3743 oi.
1304 3696 1352 3745 455

152 3789 259 3836 divitiae
271 3787 293 3835 Δ
304 3800 369 3835 corr.
382 3784 453 3834 Nice.
465 3783 506 3832 ior
516 3786 610 3833 (liviae.
676 3783 724 3831 458
735 3788 825 3831 eventa
836 3780 879 3829 the
890 3793 962 3828 same
974 3778 1014 3827 for
1024 3785 1119 3827 evento.
1190 3776 1239 3826 465
1253 3778 1352 3826 Troiiu-

151 3883 235 3931 yetus,
242 3867 290 3919 476
303 3869 442 3923 Troiianis,
451 3867 499 3916 477
513 3867 725 3925 Graiiugenarum
735 3861 814 3912 Lach.
821 3858 887 3910 'with
898 3861 920 3909 Δ
932 3860 990 3924 (477
1003 3861 1120 3921 Graiiuy.
1129 3857 1176 3921 Al:
1190 3871 1232 3906 see
1243 3856 1352 3918 Quintil.

153 3965 164 3999 1
179 3952 195 3999 4
210 3951 240 3998 11
255 3950 336 3998 ‘sciat
350 3947 429 3998 etiam
444 3947 560 3997 Ciceroni
574 3946 708 4009 placuisse,
724 3947 778 3994 aiio
793 3946 952 4004 Maiiamque
967 3941 1099 4004 geminate
1113 3943 1124 3988 i
1140 3939 1277 3997 scribem’3
1301 3938 1354 3988 end

154 4031 268 4082 Priscian
285 4031 347 4080 inst.
365 4045 402 4079 vn
420 4032 459 4086 19,
477 4029 533 4077 who
550 4027 645 4091 rightly
663 4042 722 4091 says
738 4026 797 4076 that
814 4025 841 4075 in
858 4025 903 4075 the
919 4024 1003 4074 oldest
1019 4023 1134 4085 writings
1150 4036 1202 4085 you
1218 4020 1274 4070 find
1289 4023 1355 4070 eiius

153 4114 296 4177 Pompeiins
310 4114 436 4162 Vulteiine
453 4112 543 4160 Goiins
558 4110 610 4160 and
625 4109 670 4159 the
685 4109 750 4158 like:
771 4108 842 4158 often
858 4122 886 4156 so
901 4107 930 4155 in
945 4109 1037 4155 extant
1052 4102 1232 4167 inscriptions:
1252 4117 1294 4152 see
1310 4106 1353 4154 too

153 4194 265 4245 Ribbeck
282 4193 345 4256 prol.
367 4193 440 4255 Verg.
460 4208 485 4255 p.
504 4193 559 4250 138,
580 4189 742 4241 Studemund
758 4189 851 4239 Rhein.
869 4203 937 4237 mus.
956 4201 1001 4236 ιιι
1019 4200 1046 4248 p.
1066 4187 1123 4243 588,
1141 4183 1194 4234 and
1212 4184 1324 4234 Gorssen
1344 4200 1354 4234 1

153 4290 178 4338 p.
191 4278 231 4325 18.
329 4277 377 4327 467
389 4278 495 4339 sumni
507 4275 577 4325 Gott.
592 4273 688 4338 rightly
697 4273 738 4324 ior
747 4272 832 4336 sunit
841 4269 932 4321 ο1ΔΒ.
961 4265 1245 4332 suescNicc.Flor.81
1260 4265 1350 4317 Oamb.

153 4362 202 4408 eto.
300 4357 349 4409 469
367 4360 467 4407 Tenem
482 4355 532 4406 Ed.
550 4356 591 4407 ior
605 4357 689 4407 tersia
714 4367 766 4414 κ
777 4358 829 4405 sot
843 4349 924 4403 heb.
955 4350 1048 4401 anxiis
1061 4347 1139 4399 Bam.
1171 4348 1245 4398 retu
1260 4347 1353 4398 Iamb.

155 4442 228 4490 terris
239 4438 292 4490 and
308 4441 447 4502 legionibus
457 4439 523 4491 we*
918 4430 983 4484 Μ.
996 4430 1029 4481 80
1042 4444 1109 4481 corr.
1120 4429 1210 4480 camb.
1222 4429 1263 4479 ior
1277 4431 1354 4480 luere.
