3008 4800
740 193 791 258 IV

246 353 380 418 flumine
403 361 437 418 et
459 353 495 418 in
517 354 646 439 rapidas
668 354 773 418 amnis
795 354 1001 441 despeximus
1023 355 1135 432 undas,

245 459 362 522 stantis
384 458 460 544 equi
483 480 598 544 eorpus
620 466 838 523 transvorsum
861 460 943 524 ferre
965 460 1095 524 videtur

247 561 294 623 vis
316 568 350 624 et
373 560 408 624 in
429 561 600 625 adversum
623 560 745 625 flumen
767 562 958 627 contrudere
980 562 1109 647 raptim,

245 672 279 727 et
302 686 505 750 quocumque
528 665 635 729 oeulos
658 663 843 728 traiecimus
865 665 975 729 omnia
996 666 1070 729 ferri

245 776 279 831 el
301 767 402 831 fluere
424 767 566 831 adsimili
587 767 680 831 nobis
701 767 826 832 ratione
848 746 1025 848 videntur}

245 872 388 956 porticus
408 871 537 958 aequali
559 873 707 958 quamvis
729 881 780 936 est
802 873 943 958 denique
965 873 1067 938 ductu

245 984 398 1061 stansque
419 975 455 1039 in
476 983 673 1061 perpetuum
696 975 827 1060 paribus
848 975 984 1039 suffulta
1004 975 1169 1051 columnis,

245 1077 341 1165 longe
363 1087 474 1143 tamen
495 1087 588 1164 perte
610 1079 652 1143 ab
674 1100 802 1142 summa
823 1100 898 1142 oum
920 1087 991 1144 tota
1013 1079 1152 1155 videtur,

247 1181 404 1265 paulatim
427 1180 530 1244 brabit
551 1179 684 1267 angusti
706 1180 836 1267 fastigia
858 1181 939 1258 ooni,

246 1291 334 1347 tecta
355 1283 422 1347 solo
445 1282 583 1368 iungens
604 1289 704 1367 atque
726 1283 836 1346 omnis
855 1282 990 1347 dextera
1011 1282 1111 1348 laevis
1195 1283 1199 1291 ’
1298 1299 1368 1364 430

246 1386 347 1450 donee
369 1386 404 1449 in
426 1386 597 1450 obscurum
620 1385 692 1450 coni
713 1386 870 1451 conduxit
890 1376 1052 1478 neumenl

246 1490 280 1554 in
302 1490 417 1577 pelago
438 1489 549 1554 nautis
571 1511 611 1554 ex
634 1489 729 1554 undis
751 1499 841 1554 ortus
863 1489 898 1554 in
920 1490 1017 1555 undis

247 1593 294 1656 sol
316 1592 355 1656 fit
376 1591 428 1656 uti
450 1591 600 1656 videatur
622 1591 710 1656 obire
732 1599 767 1656 et
789 1592 926 1658 condere
948 1593 1076 1673 lumen;

248 1695 368 1780 quippe
391 1695 448 1759 ubi
470 1696 518 1760 nil
539 1694 629 1760 aliud
651 1696 714 1760 nisi
736 1701 855 1782 nquam
877 1697 1066 1782 caelumque
1089 1704 1242 1776 tuentum

247 1822 288 1864 ne
311 1800 427 1864 leviter
448 1799 559 1864 credas
580 1799 769 1865 labefactari
791 1799 935 1885 undique
957 1787 1097 1905 sensus}
1300 1814 1364 1881 435

248 1909 283 1965 at
306 1903 403 1966 maris
425 1903 546 1989 ignaris
568 1903 604 1967 in
625 1911 721 1988 portu
744 1903 860 1968 clauda
880 1903 1034 1969 videntur
1342 1922 1345 1930 ·

247 2004 378 2090 navigia
398 2005 553 2090 aplustris
576 2006 686 2071 frantie
707 2006 848 2071 obnitier
870 1994 1001 2097 undae.{

248 2130 324 2172 nam
347 2128 690 2194 quaecumquesuprs
712 2131 815 2174 rorem
838 2110 914 2175 salis
936 2111 1025 2176 edita
1046 2133 1120 2195 pars
1142 2117 1192 2174 est

248 2234 418 2289 remorum,
440 2220 529 2276 reeta
550 2221 610 2290 est,
632 2221 666 2278 et
688 2222 779 2278 recta
799 2236 939 2299 superne
960 2214 1123 2300 guberna:

248 2337 331 2399 quae
354 2315 500 2379 demersa
523 2314 681 2400 liquorem
703 2316 835 2392 obeunt,
856 2317 994 2380 refracta
1019 2315 1171 2381 videntur
1300 2333 1369 2396 440

248 2418 357 2482 omnia
378 2419 522 2483 converti
545 2441 737 2504 sursumque
760 2419 877 2505 supina
898 2419 1017 2484 reverti

249 2537 282 2586 es
304 2522 423 2587 reflexa
445 2545 544 2608 prope
557 2522 602 2598 *in
623 2544 749 2586 summo
772 2522 901 2588 fluitare
923 2523 1054 2608 liquore.

249 2647 384 2710 rareque
407 2647 465 2710 per
486 2627 613 2690 caelum
636 2648 709 2688 oum
732 2625 823 2689 venti
845 2625 958 2689 nubila
980 2633 1111 2711 portant

249 2737 394 2814 tempore
416 2737 582 2805 nocturno,
605 2737 678 2792 turn
700 2727 869 2813 splendida
891 2728 984 2815 sigua
1005 2728 1158 2792 videntur

249 2832 350 2897 labier
372 2833 543 2897 adversum
565 2833 692 2897 nimbos
714 2841 813 2918 atque
835 2833 882 2898 ire
905 2856 1043 2920 superne
1303 2845 1366 2912 445

249 2937 344 3022 longe
366 2937 464 3001 aliam
486 2937 521 3001 in
543 2946 669 3023 partem
691 2960 730 3002 ac
752 2960 832 3002 vero
854 2937 980 3003 ratione
1002 2916 1179 3049 feruntur(

248 3049 283 3104 ab
305 3040 333 3104 si
356 3040 438 3105 forte
460 3041 552 3105 oculo
575 3063 690 3104 manus
713 3040 772 3104 uni
793 3041 927 3105 subdita
949 3049 1062 3126 supter

248 3143 366 3227 pressit
388 3166 472 3221 eum,
495 3144 636 3229 quodam
658 3166 754 3208 sensu
778 3144 816 3209 fit
839 3144 891 3209 uti
913 3143 1086 3208 videantur

249 3248 357 3312 omnia
379 3270 462 3334 quae
486 3248 611 3313 tuimur
632 3248 704 3313 fieri
726 3258 799 3312 tum
821 3248 899 3313 bina
921 3249 1052 3326 tuendo,

249 3351 327 3414 bins
349 3351 552 3416 lucernarum
576 3352 725 3417 florentia
747 3353 872 3417 lumina
894 3353 1033 3418 flammis

251 3455 391 3540 binaque
412 3478 471 3540 per
493 3463 580 3520 totas
602 3456 692 3520 aedis
713 3457 880 3543 geminare
902 3456 1047 3541 supellex

250 3565 284 3620 eb
306 3557 444 3642 duplicis
468 3558 636 3623 hominum
660 3559 755 3624 facies
778 3568 813 3624 et
835 3581 965 3644 corpora
987 3558 1071 3622 bina.

164 3782 186 3832 is
197 3797 268 3832 some
278 3799 383 3835 resson:
401 3788 428 3834 to
443 3800 485 3834 me
496 3785 587 3835 indeed
598 3787 620 3835 it
631 3787 654 3837 is
665 3802 681 3836 e
692 3785 839 3836 oonolusive
849 3801 907 3836 one.
940 3782 1031 3834 hamb.
1043 3782 1119 3832 reads
1126 3785 1210 3832 videre
1221 3789 1246 3831 et
1259 3783 1372 3846 Corpora

163 3866 279 3914 ruirondo
294 3881 312 3915 s.
329 3874 348 3915 ε.
359 3882 385 3915 a.
397 3882 419 3916 o.
431 3867 478 3915 but
489 3867 518 3915 in
529 3868 570 3917 ed.
583 3871 598 3916 3
610 3868 643 3917 he
654 3869 764 3918 obelises
775 3876 800 3918 et
810 3868 864 3918 and
875 3867 920 3917 the
931 3865 1061 3927 following
1073 3879 1150 3914 verse.
1322 3864 1371 3913 421

163 3947 319 4009 despeximus
330 3947 399 3996 Flor.
411 3949 442 3997 31
455 3949 543 4000 (lamb.
559 3949 616 4000 Ver.
632 3950 696 4000 Ven.
708 3950 773 4001 Mer.
789 3949 828 3998 for
840 3951 999 4012 dispeximus.
1104 3946 1152 3994 436
1163 3948 1197 3994 At
1207 3947 1285 3994 usuris
1297 3945 1369 3997 Nico.

163 4029 193 4078 Β.
207 4043 272 4078 oorr.
285 4031 325 4078 for
335 4033 444 4081 Amoris.
591 4034 639 4082 437
652 4035 747 4096 fractis
759 4031 826 4084 Flor.
841 4033 872 4080 31
885 4032 949 4079 Mur.
962 4029 1001 4077 lor
1012 4030 1109 4091 foetas.
1142 4029 1225 4076 umas
1236 4026 1317 4077 Laoh.
1331 4029 1372 4078 lor

164 4113 253 4161 trudas.
287 4115 363 4163 uvidis
374 4115 441 4176 vulg.
544 4116 593 4165 440
605 4118 727 4179 liquorem
737 4116 816 4166 Lech.
832 4116 871 4165 for
883 4117 986 4177 liquore.
1102 4111 1150 4159 446
1162 4125 1262 4160 osvero
1272 4116 1373 4162 ratione

165 4193 199 4241 Is.
211 4192 283 4245 Voss.
304 4195 332 4243 in
349 4210 398 4246 ms.
416 4200 493 4245 notes
510 4197 550 4247 for
566 4213 630 4261 oque
647 4200 761 4247 ratione:
779 4196 824 4246 the
841 4195 922 4246 scribe
938 4194 1016 4242 wrote
1031 4207 1062 4240 ra
1078 4191 1140 4253 only
1154 4204 1230 4240 onos:
1250 4191 1373 4252 ‘quidum

164 4275 279 4325 oodioss'
291 4291 351 4340 says
363 4278 474 4327 Greeoh:
493 4278 550 4328 that
562 4279 585 4328 is
597 4280 630 4329 he
640 4279 693 4328 hed
703 4278 783 4329 heard
794 4276 933 4338 indireetly
942 4274 971 4324 of
980 4271 1096 4321 Vossius'
1106 4271 1257 4323 oorreotion.
1277 4333 1281 4338 .

197 4357 243 4406 448
254 4360 289 4420 fit
300 4362 341 4408 uti
352 4359 417 4409 Mer.
430 4361 504 4410 Junt.
517 4362 598 4425 forsit
608 4369 646 4411 ut.
783 4359 833 4411 456
847 4353 1038 4409 sinemurum.
1051 4351 1108 4403 Ald
1124 4353 1137 4400 1
1149 4353 1222 4402 June.
1233 4354 1275 4403 for
1285 4357 1372 4406 video·
