3008 4800
741 193 773 257 V

241 357 504 444 praeclarumque
527 355 630 419 velint
652 354 733 418 caeli
754 354 956 440 restinguere
979 354 1078 418 solem

242 459 426 523 inmortalia
447 458 578 522 mortali
601 479 747 522 sermone
770 465 942 536 notantes3

241 584 323 647 quae
346 561 456 647 procul
481 582 583 645 usque
606 560 686 624 adeo
708 559 818 623 divino
840 581 860 622 a
882 559 1015 623 numine
1038 559 1170 634 distent,

241 666 339 751 inque
361 665 459 729 deum
482 687 616 729 numero
638 687 721 750 quae
743 664 810 728 sint
833 664 967 750 indigna
988 664 1099 741 videri,

241 769 393 832 notitiam
416 769 526 853 potius
549 767 703 853 praebere
726 776 764 831 ut
787 788 880 852 posse
904 776 1062 852 putentur

241 872 319 957 quid
342 872 386 936 sit
408 872 502 936 vitali
524 879 615 935 motu
639 893 800 955 sensuque
822 848 1010 977 remotum!
1300 883 1355 949 125

241 976 361 1062 quippe
384 975 507 1039 etenim
530 996 595 1038 non
618 982 677 1051 est,
700 996 774 1037 oum
797 973 911 1059 quovis
932 997 1063 1060 corpore
1085 984 1123 1040 ut
1146 997 1215 1039 esse

241 1101 334 1164 posse
356 1078 457 1142 animi
479 1085 598 1141 natura
620 1084 757 1162 putetur
778 1076 1030 1161 consiliumque3

240 1182 325 1246 sicut
347 1181 382 1244 in
404 1180 536 1244 aethere
558 1201 625 1242 non
647 1177 748 1255 arbor,
771 1200 836 1242 non
858 1200 995 1262 aequore
1018 1179 1100 1242 salso

240 1284 343 1348 nubes
366 1305 433 1347 esse
457 1291 583 1368 queunt
605 1304 712 1367 neque
734 1282 837 1366 pisces
858 1282 967 1346 vivere
989 1280 1024 1345 in
1045 1282 1131 1346 arvis

239 1410 299 1452 neo
321 1409 414 1451 cruor
435 1387 470 1450 in
492 1386 590 1472 lignis
612 1407 718 1470 neque
740 1385 827 1448 saxis
849 1406 946 1448 sucus
967 1357 1099 1459 inessel
1299 1404 1360 1466 130

241 1499 366 1555 certum
388 1511 425 1552 ao
447 1488 675 1573 dispositumst
696 1488 754 1552 ubi
777 1487 926 1573 quicquit
947 1496 1069 1553 crescat
1092 1497 1127 1552 et
1148 1488 1234 1553 insit.

241 1594 287 1659 sio
308 1593 409 1657 animi
432 1601 550 1656 natura
572 1591 688 1677 nequit
710 1591 780 1656 sine
803 1613 933 1677 corpore
955 1592 1030 1656 oriri

228 1697 308 1762 ¹solu
329 1718 434 1781 neque
456 1718 476 1758 a
497 1695 605 1760 nervis
628 1704 662 1759 et
684 1694 843 1780 sanguine
866 1695 1006 1781 longiter
1027 1671 1118 1797 esse}

241 1801 326 1886 quod
349 1800 376 1864 si
398 1801 521 1885 (posset
543 1799 631 1863 enim
653 1798 758 1862 multo
781 1798 886 1883 prius)
908 1798 979 1883 ipsa
1001 1797 1102 1861 animi
1124 1797 1173 1861 vis

240 1905 275 1968 in
298 1903 403 1990 capite
426 1911 485 1967 aut
508 1901 628 1966 umeris
650 1911 709 1966 aut
731 1902 805 1966 imis
828 1901 970 1967 calcibus
993 1924 1062 1966 esse
1299 1918 1335 1981 13
1341 1916 1356 1982 5

239 2015 348 2093 posset
371 2014 405 2070 et
426 2005 551 2069 innasci
574 2005 689 2090 quavis
711 2004 746 2068 in
768 2012 871 2090 parte,
894 2004 1012 2068 soleret

241 2112 373 2176 tandem
395 2111 430 2174 in
452 2109 565 2174 eodem
589 2108 720 2174 homine
742 2117 842 2194 atque
864 2108 900 2173 in
922 2109 1035 2173 eodem
1057 2130 1134 2172 vase
1157 2075 1313 2202 manerel

239 2215 325 2301 quod
347 2214 499 2300 quoniam
522 2220 631 2278 nostro
654 2234 781 2298 quoque
803 2222 930 2277 constat
952 2235 1081 2299 corpore
1105 2220 1229 2277 certum

241 2320 497 2406 dispositumque
520 2318 650 2383 videtur
671 2317 729 2381 ubi
750 2339 821 2382 esse
844 2326 878 2381 et
900 2339 1040 2382 crescere
1062 2316 1166 2402 possit
1211 2350 1214 2354 ⁴

171 2446 384 2501 vr--seorsum
406 2422 516 2486 anima
537 2429 638 2506 atque
659 2421 796 2497 animus,
820 2428 912 2484 tanto
935 2420 1038 2506 magis
1060 2416 1267 2484 infitiandum
1299 2437 1360 2499 140

111 2560 143 2598 a>
175 2504 348 2594 latorum
371 2549 462 2613 posse
485 2534 577 2590 extra
598 2547 714 2611 eorpus
736 2525 936 2610 formamque
959 2525 1131 2589 animalem

240 2631 392 2718 putribus
414 2631 448 2693 in
470 2628 575 2716 glebis
597 2637 757 2692 terrarum
779 2636 838 2692 aut
861 2629 936 2692 solis
958 2629 994 2692 in
1016 2629 1085 2714 igni

241 2743 299 2799 aut
321 2734 356 2797 in
377 2755 463 2818 aqua
485 2732 601 2796 durare
623 2740 683 2795 aut
705 2732 781 2796 altis
803 2732 944 2797 aetheris
967 2720 1053 2855 oris!

241 2838 328 2903 haud
351 2837 452 2922 igitur
473 2843 624 2901 constant
646 2823 756 2900 divino
778 2836 927 2921 praedita
949 2859 1053 2913 sensu,

241 2940 501 3028 quandoquidem
524 2948 693 3025 nequeunt
715 2941 861 3005 vitaliter
883 2963 952 3006 esse
975 2915 1140 3044 animatal
1301 2956 1357 3022 145

285 3045 371 3109 Illud
394 3045 474 3109 item
498 3066 563 3108 non
585 3052 637 3108 est
659 3051 697 3108 ut
719 3044 822 3129 possis
844 3045 981 3122 credere,
1004 3045 1095 3110 sedes

242 3171 309 3214 esse
332 3148 428 3212 deum
453 3156 580 3211 sanctas
602 3146 638 3210 in
660 3148 775 3212 mundi
797 3148 945 3234 partibus
968 3129 1064 3240 ullisl

241 3252 347 3318 tenvis
370 3252 457 3316 enim
480 3259 599 3315 natura
621 3251 719 3316 deum
742 3252 900 3338 longeque
923 3260 1048 3316 remota

241 3355 387 3420 sensibus
410 3354 451 3418 ab
474 3354 594 3418 nostris
616 3353 718 3417 animi
742 3354 796 3417 vix
819 3363 929 3418 mente
951 3355 1101 3435 videtur3

162 3468 167 3477 ’
241 3481 323 3544 quae
346 3458 500 3543 quoniam
522 3478 680 3520 manuum
702 3464 828 3520 taotum
851 3457 988 3544 suffugit
1011 3466 1045 3522 et
1067 3459 1179 3535 ictum,
1300 3472 1361 3538 150

242 3562 351 3627 tactile
374 3561 421 3626 nil
442 3561 536 3625 nobis
560 3560 647 3644 quod
669 3560 713 3623 sit
735 3561 922 3648 contingere
944 3545 1063 3657 debetl

241 3676 374 3754 tangere
397 3667 484 3730 enim
508 3687 573 3729 non
596 3665 669 3750 quit
691 3666 777 3750 quod
802 3666 894 3752 tangi
917 3667 1081 3731 nonlicet
1104 3641 1231 3753 ipsuml

242 3792 340 3855 quare
363 3769 462 3832 etiam
486 3767 579 3831 sedes
602 3789 729 3853 quoque
753 3769 871 3832 nostris
894 3769 1023 3834 sedibus
1046 3792 1115 3834 esse
1229 3758 1233 3767 ¹
1263 3760 1289 3788 '³

240 3873 410 3938 dissimiles
433 3873 564 3948 debent,
587 3880 703 3936 tenues
725 3872 766 3936 de
789 3895 918 3959 corpore
941 3895 1070 3954 eorum;

156 4106 196 4156 lor
203 4119 277 4169 pars:
295 4119 378 4166 oomp.
393 4106 440 4154 881
557 4101 604 4151 122
616 4119 633 4152 u
645 4106 745 4152 numine
757 4106 851 4153 distent
863 4105 931 4153 Flor.
944 4104 975 4153 31
988 4103 1078 4153 camb.
1090 4103 1159 4153 Brix.
1175 4102 1240 4151 Mar.
1253 4103 1293 4151 1ο1
1303 4105 1359 4152 ani·

156 4190 309 4239 mittimur.
343 4185 600 4236 animitastevitNioo.
704 4187 878 4248 1331119111.
916 4188 1013 4248 tannim
1024 4201 1101 4236 mss:
1120 4187 1273 4237 see111789.

207 4270 254 4318 184
266 4268 334 4318 fou:
352 4283 394 4317 see
405 4283 438 4316 111
450 4266 565 4319 7901011.
685 4268 733 4316 152
750 4268 817 4330 qiwd
828 4268 891 4319 Mar.
907 4270 980 4318 Junt.
993 4269 1032 4317 for
1044 4271 1110 4332 quod
1120 4271 1150 4319 ri.
1272 4269 1319 4318 154
1331 4271 1361 4318 de

155 4365 264 4412 comere.
294 4364 342 4412 pro
354 4364 453 4412 corpore
465 4348 556 4397 Lumb.
573 4347 640 4410 conj.
659 4348 711 4398 and
726 4349 776 4397 Ed.
793 4349 821 4398 in
836 4349 874 4401 ed.
890 4351 916 4398 1:
935 4352 1098 4399 soenotes2.
1133 4351 1358 4412 temtestsicorpu’
