3008 4800
168 173 230 279 2555
748 171 796 235 VI

296 331 368 395 Hoc
391 329 491 395 etiam
514 337 609 414 pacto
631 328 757 393 tonitru
780 351 932 394 concussa
955 329 1107 394 videntur

251 433 360 497 omnia
383 453 478 518 saepe
501 432 592 519 gravi
616 439 754 495 tremere
778 439 812 495 et
834 431 956 495 divolsa
978 441 1110 517 repente

252 536 395 600 maxima
417 534 594 599 dissiluisse
617 534 742 618 capacis
765 533 893 599 moenia
914 535 1037 610 mundi,

251 663 324 704 cum
349 640 457 704 subito
480 638 578 702 validi
600 638 692 702 venti
714 638 860 702 conlecta
881 638 1020 722 procella

250 744 392 807 nubibus
414 742 544 807 intorsit
566 763 636 806 sese
659 741 871 826 conclusaque
894 741 1015 806 ibidem

250 847 381 910 turbine
404 844 548 910 versanti
569 843 675 930 magis
697 865 735 908 ac
756 844 861 930 magis
883 845 1027 930 undique
1049 846 1169 910 nubem

249 951 336 1036 cogit
359 950 409 1014 uti
431 949 491 1013 fiat
513 949 615 1033 spisso
637 969 716 1011 cava
737 969 867 1032 corpore
889 948 1018 1024 circum,

251 1060 325 1138 post
349 1052 406 1116 ubi
428 1049 609 1116 conminuit
631 1049 681 1114 vis
704 1049 774 1113 eius
797 1057 830 1114 et
853 1050 1097 1135 impetissem,

250 1164 323 1220 tum
346 1154 577 1241 perterricrepo
599 1153 708 1218 sonitu
731 1153 789 1217 dat
811 1153 909 1218 scissa
930 1133 1108 1254 fragorem}

251 1282 310 1324 nec
334 1259 460 1337 mirum,
483 1280 557 1322 cum
580 1258 677 1343 plena
698 1257 826 1322 animae
849 1259 1012 1323 vensicula
1033 1281 1131 1344 parva

251 1383 346 1446 saepe
369 1362 417 1425 ita
438 1361 497 1425 dat
519 1369 649 1424 torvum
672 1359 815 1425 sonitum
837 1360 978 1445 displosa
999 1320 1152 1475 repente!

295 1465 355 1528 Est
377 1463 477 1528 etiam
498 1463 590 1540 ratio,
613 1485 688 1528 cum
710 1462 801 1528 venti
822 1463 936 1528 nubila
957 1464 1113 1549 perflant,-

251 1577 289 1632 ut
312 1567 437 1632 sonitus
459 1539 600 1654 faciant}
617 1566 740 1631 etenim
762 1588 887 1631 ramosa
909 1565 1056 1630 videmus

250 1670 364 1735 nubila
385 1691 481 1754 saepe
504 1668 608 1733 modis
629 1668 742 1733 multis
764 1677 863 1755 atque
886 1691 1001 1754 aspera
1022 1669 1115 1749 ferri3

252 1773 375 1838 scilicet
397 1779 444 1850 ut,
467 1770 611 1836 crebram
634 1770 751 1835 silvam
774 1794 848 1837 curn
870 1771 1004 1836 flamina
1024 1773 1113 1837 cauri

249 1876 397 1963 perdant,
418 1875 499 1939 dant
521 1873 673 1938 sonitum¹
687 1873 814 1939 frondes
836 1875 982 1960 ramique
1005 1848 1183 1982 fragorem}

251 1980 290 2044 fit
312 2001 440 2065 quoque
461 1986 501 2043 ut
522 1977 688 2042 interdum
710 1977 810 2042 validi
833 1978 881 2042 vis
904 1978 1004 2043 incita
1026 1978 1116 2042 venti

250 2082 578 2170 perscindatnubem
600 2081 802 2169 perfringens
824 2082 946 2167 impete
967 2059 1077 2162 rectal

251 2210 327 2252 nam
350 2186 430 2273 quid
452 2185 554 2271 possit
576 2185 624 2249 ibi
646 2185 743 2251 flatus
765 2187 937 2252 manifesta
958 2187 1052 2251 docet
1074 2207 1133 2261 res,

250 2291 312 2367 hic,
334 2290 391 2355 ubi
414 2290 516 2354 lenior
537 2298 595 2369 est,
619 2291 654 2354 in
676 2300 763 2355 terra
784 2313 859 2355 cum
882 2300 993 2357 tamen
1015 2293 1082 2357 alta

251 2394 385 2459 arbusta
407 2393 556 2458 evolvens
577 2392 739 2458 radicibus
762 2393 872 2458 haurit
893 2395 934 2460 ab
957 2377 1049 2482 imis)

251 2505 328 2562 sunt
352 2497 452 2562 etiarn
474 2487 593 2560 fluctus
615 2518 674 2582 per
695 2497 817 2574 nubila,
839 2498 895 2582 qui
917 2498 1010 2583 quasi
1034 2520 1178 2562 murmur

251 2600 332 2664 dant
355 2601 389 2664 in
412 2599 587 2686 frangendo
609 2599 768 2684 graviter3
798 2601 884 2686 quod
906 2600 986 2665 item
1009 2601 1046 2666 iit
1069 2602 1103 2665 in
1125 2601 1199 2666 altis

251 2704 440 2769 fluminibus
463 2725 644 2789 magnoque
661 2704 756 2792 mari,
778 2727 852 2768 cum
876 2705 1036 2791 frangitur
1057 2701 1187 2804 ecstasi

251 2808 290 2873 fit
312 2831 449 2895 quoque,
471 2808 529 2872 ubi
551 2830 569 2872 e
591 2807 673 2871 nubi
695 2807 730 2870 in
752 2808 872 2873 nubem
895 2809 944 2874 vis
966 2810 1080 2875 incidit
1102 2811 1217 2875 ardens
1307 2829 1363 2891 145

251 2911 404 2987 fulminis
427 2911 506 2975 hacc
527 2911 632 2975 multo
654 2911 683 2991 si
705 2911 786 2975 forte
810 2934 920 2976 umore
944 2914 1066 2998 recepit

249 3015 367 3099 ignem,
390 3013 543 3077 continuo
565 3023 600 3078 ut
622 3035 739 3098 magno
762 3014 899 3079 clamore
922 3016 1080 3095 trucidet3

251 3124 290 3180 ut
312 3115 425 3179 calidis
448 3114 586 3179 candens
610 3115 729 3179 ferrum
753 3138 771 3181 e
794 3117 974 3181 fornacibus
996 3117 1071 3180 olim

165 3328 218 3378 and
234 3330 257 3378 3.
292 3328 328 3376 Is.
340 3327 412 3377 Voss.
425 3331 468 3376 too
485 3326 538 3376 and
555 3327 651 3377 Oreech
667 3328 750 3390 prefer
767 3332 889 3379 manat.
923 3333 1013 3380 aierit
1029 3330 1098 3380 Flor.
1115 3332 1147 3379 31
1164 3330 1254 3381 camb.
1274 3333 1289 3380 3
1306 3331 1367 3382 Vct.

165 3410 223 3460 Ald.
237 3412 250 3458 1
262 3410 336 3458 Junt.
348 3409 440 3459 hamb.
473 3412 583 3458 eamriat
594 3409 665 3459 Brix.
678 3410 735 3459 Ver.
748 3410 811 3460 Van.
826 3412 891 3461 Mar.
899 3430 906 3472 ;
924 3412 970 3462 but
985 3415 1076 3462 exierit
1093 3413 1158 3463 Mar.
1170 3428 1210 3476 ap.
1225 3412 1322 3466 Victor.
1338 3416 1368 3465 in

165 3492 282 3543 adven.
382 3492 429 3539 124
440 3493 589 3541 concollccta
600 3492 652 3542 AB.
686 3495 798 3543 conlecto
809 3493 961 3546 NicaBria
997 3495 1312 3547 collectaAcorr.Gamh.

198 3577 246 3625 lte
262 3575 407 3625 conminuit.
441 3576 570 3624 cornmovit
589 3575 612 3623 Δ
633 3588 697 3625 corr.
717 3574 786 3623 Flor.
804 3577 834 3624 31
853 3576 941 3627 (lamb.
962 3577 1031 3626 Mon.
1048 3577 1120 3628 Brix.
1138 3578 1196 3628 Ver.
1214 3578 1279 3629 Van.
1296 3582 1365 3643 vulg.

163 3657 249 3706 before
260 3654 340 3704 Lech.
467 3655 514 3705 129
525 3656 603 3704 adasa
613 3655 691 3704 Bern.
704 3656 743 3704 for
753 3658 838 3705 mirra.
864 3659 930 3720 fissa
941 3658 1035 3708 Lech:
1053 3659 1074 3708 it
1085 3659 1108 3709 is
1120 3661 1214 3722 clearly
1226 3661 1270 3711 the
1281 3663 1367 3722 cutm,

164 3741 211 3788 not
226 3737 271 3787 the
283 3737 403 3800 procella,
418 3734 502 3784 which
519 3735 542 3784 ie
558 3735 619 3784 here
636 3736 734 3799 spoken
750 3737 788 3796 oi;
807 3738 907 3801 though
923 3739 959 3788 all
975 3739 1070 3798 editors
1087 3741 1172 3791 before
1189 3742 1269 3792 Irach.
1281 3743 1366 3794 retain

163 3824 248 3879 missa,
257 3818 342 3868 which
353 3818 451 3867 Isidore
463 3821 506 3867 too
517 3816 581 3880 orig.
593 3832 643 3866 11111
655 3820 670 3867 8
681 3823 752 3868 must
763 3819 830 3869 have
841 3820 914 3872 read:
932 3821 976 3870 the
988 3823 1137 3885 corruption
1153 3824 1279 3874 therefore
1294 3831 1367 3876 must

162 3904 193 3954 be
205 3903 255 3953 old.
355 3903 402 3951 131
416 3909 511 3951 torvam
521 3900 570 3952 Ed
585 3901 625 3950 for
634 3917 749 3964 porrum.
783 3919 899 3965 munaum
910 3905 945 3953 Is.
957 3904 1031 3954 Voss.
1043 3905 1071 3954 in
1082 3921 1131 3955 ms.
1140 3909 1213 3956 notes
1224 3906 1278 3956 and
1288 3907 1362 3959 Wak.

161 3987 260 4048 pariter
276 3984 341 4033 Mar.
360 3984 435 4034 dunt.
457 3982 548 4034 hamb.
567 3987 615 4034 eto.
653 3985 732 4046 Saepe
750 3985 792 4033 det
809 3987 872 4034 itaut
884 4002 992 4049 parvum
1008 3985 1088 4036 Lech.
1121 3989 1209 4038 Noenu
1226 3991 1266 4038 itu
1282 3991 1323 4039 det
1339 4008 1365 4055 p.

163 4067 255 4116 Bam:
273 4066 320 4115 but
332 4081 373 4115 see
384 4070 458 4115 notes
469 4067 493 4114 2.
593 4067 640 4115 132
652 4066 705 4116 and
717 4068 763 4117 136
771 4071 882 4132 perflant
892 4070 915 4118 A
925 4085 990 4120 corr.
1003 4070 1071 4122 Nico.
1087 4071 1126 4120 for
1134 4073 1253 4135 perfiant.

197 4148 244 4197 133
266 4150 306 4196 Ut.
345 4150 398 4196 Car
408 4146 499 4199 Lamb.
512 4148 636 4211 wrongly.
745 4150 791 4197 141
808 4153 917 4201 Arborio
929 4154 1038 4202 evolveris
1049 4154 1072 4202 Α
1082 4167 1147 4203 corr.
1161 4152 1228 4204 Flor.
1244 4156 1275 4203 31
1287 4154 1365 4205 Pont.

164 4230 228 4280 Mar.
241 4231 281 4280 for
292 4233 401 4280 Arbusta
411 4233 519 4281 volvere.
552 4234 658 4281 Arbuste
669 4233 767 4281 volvens
780 4232 849 4282 Nica.
863 4234 950 4285 Camh.
1088 4237 1234 4286 1441111111
1251 4237 1319 4287 Flor.
1333 4241 1364 4287 31

163 4310 253 4360 (lamb.
265 4313 313 4361 eto.
324 4311 365 4359 for
381 4318 440 4361 aest.
475 4320 545 4361 aesta
556 4313 578 4360 A
589 4326 652 4362 corr.
668 4312 739 4362 Nico.
752 4313 823 4363 Mon.
835 4314 892 4364 Ver.
908 4315 971 4365 Ven.
984 4316 1051 4377 vulg.
1174 4319 1220 4368 147
1237 4326 1265 4366 ut
1283 4318 1367 4369 added
