3008 4800
227 393 347 478 primus
370 393 457 455 enim
480 392 561 455 citra
583 400 691 476 postes
714 401 786 455 tum
809 392 954 456 cernitur
975 415 1038 468 aer,

226 492 301 556 inde
323 493 405 555 fores
427 491 516 575 ipsae
537 490 653 555 dextra
675 490 831 575 laevaque
853 501 1016 569 secuntur,

226 603 298 679 post
320 593 461 658 extraria
484 594 539 656 lux
563 594 670 658 oculos
692 603 859 680 perterget
882 604 917 659 et
938 618 994 659 aer

226 698 308 761 alter
329 706 363 761 et
386 697 442 760 illa
465 697 540 760 foris
562 719 646 782 quae
669 720 743 762 vere
766 675 1047 800 transpiciuntur.'

226 801 348 865 sicubi
371 823 405 865 se
427 801 568 886 primum
592 802 714 887 speculi
736 803 873 888 proiecit
896 805 1012 891 image,

225 903 303 966 dum
326 903 417 968 venit
438 903 480 967 ad
503 913 629 968 nostras
650 905 744 982 acies,
767 906 932 990 protrudit
954 907 1088 993 agitque
1281 912 1344 976 280

225 1007 377 1092 aera-qui
400 1007 486 1072 inter
508 1030 542 1072 se
565 1019 736 1095 cumquest
758 1010 930 1096 oculosque
953 1012 1085 1089 locatus,

226 1117 259 1174 et
281 1110 359 1174 facit
381 1120 420 1174 ut
442 1111 533 1195 prius
555 1112 642 1175 hunc
663 1134 793 1177 omnem
815 1114 937 1178 sentire
959 1137 1117 1200 queamus

226 1234 322 1296 quam
344 1200 600 1304 speculumlsed
625 1215 682 1279 ubi
704 1217 873 1301 speculum
897 1240 1025 1303 quoque
1047 1219 1206 1284 sensimus
1227 1220 1343 1305 ipsum,

225 1316 376 1381 continuo
399 1339 419 1380 a
441 1317 533 1381 nobis
556 1317 591 1381 in
613 1318 702 1383 idem
725 1341 808 1405 quae
831 1321 936 1385 fertur
957 1321 1064 1409 imago

224 1420 372 1503 pervenit
393 1427 428 1484 et
450 1429 576 1485 nostros
597 1421 707 1486 oculos
728 1423 850 1487 reiecta
872 1423 984 1489 revisit
1280 1429 1340 1507 285

224 1530 323 1606 atque
344 1522 445 1586 aliurn
467 1545 546 1608 prae
568 1545 602 1588 se
623 1525 806 1610 propellens
827 1547 903 1590 aera
924 1526 1027 1591 volvit

225 1633 260 1688 et
282 1625 359 1690 facit
381 1636 420 1690 ut
442 1626 531 1712 prius
555 1629 641 1694 hunc
663 1651 763 1714 quam
785 1652 820 1694 se
843 1631 1021 1708 videamus,
1043 1654 1145 1718 eoque

225 1728 343 1792 distare
365 1730 407 1794 ab
429 1731 562 1815 speculo
588 1739 718 1796 tanturn
741 1741 866 1797 semota
889 1715 1053 1833 videturl

226 1853 324 1916 quare
346 1832 447 1897 etiam
469 1842 569 1918 atque
591 1835 691 1899 etiam
714 1835 850 1900 minime
872 1836 1018 1900 mirarier
1040 1844 1091 1928 est
1112 1860 1180 1923 par,

225 1935 290 2000 illic
312 1959 392 2023 quor
414 1938 552 2003 reddant
575 1937 778 2023 speculorum
802 1960 842 2003 ex
864 1960 1003 2025 aequore
1025 1941 1140 2018 visum,
1279 1959 1343 2023 290

225 2041 351 2106 aeribus
373 2042 459 2106 binis
481 2043 633 2128 quoniam
655 2065 706 2108 res
728 2043 827 2108 confit
849 2030 1021 2134 utraquel

225 2167 311 2209 nunc
333 2167 476 2231 eaquae
499 2146 591 2211 nobis
614 2148 832 2212 membrorum
855 2147 990 2212 dextera
1011 2170 1085 2233 pars
1107 2157 1165 2224 est,

224 2248 258 2312 in
280 2248 418 2332 speculis
440 2249 479 2313 fit
501 2257 540 2313 ut
562 2249 597 2312 in
619 2249 710 2314 laeva
733 2250 884 2314 videatur
906 2272 944 2315 eo
966 2251 1052 2335 quod

223 2351 392 2437 planitiem
414 2354 456 2418 ad
478 2354 601 2438 speculi
625 2355 759 2419 veniens
781 2377 856 2419 cum
879 2355 1015 2420 offendit
1038 2355 1155 2440 imago,

223 2478 286 2520 non
308 2456 509 2522 convertitur
530 2457 707 2535 incolumis,
731 2459 787 2522 sed
810 2467 899 2524 recta
921 2467 1095 2523 retrorsum
1279 2473 1338 2538 295

223 2559 269 2623 sic
290 2559 431 2637 eliditur,
454 2569 493 2625 ut
515 2560 624 2645 siquis,
646 2562 736 2646 prius
757 2561 850 2626 arida
871 2583 970 2647 quam
992 2560 1036 2625 sit
1127 2621 1129 2623 .

224 2669 331 2726 cretea
352 2684 496 2748 persona,
519 2663 643 2727 adlidat
663 2664 791 2749 pilaeve
814 2663 950 2741 trabive,

224 2773 322 2849 atque
344 2787 383 2830 ea
404 2765 558 2830 continuo
580 2777 702 2831 rectam
724 2767 753 2831 si
775 2767 881 2831 fronte
904 2766 1042 2852 figuram

141 2883 199 2948 3'23
223 2876 329 2932 servet
352 2876 386 2933 et
408 2869 518 2934 elisam
541 2877 626 2934 retro
649 2891 719 2934 sese
741 2870 904 2955 exprimat
926 2870 1005 2955 ipsa

136 3098 201 3152 aaut,
216 3092 274 3140 bene
285 3091 325 3140 for
335 3106 400 3150 une,
412 3090 464 3140 and
475 3091 548 3140 ruins
559 3092 604 3141 the
616 3095 760 3154 argument.
927 3094 975 3143 275
988 3099 1040 3141 tum
1053 3093 1173 3142 cernitar.
1206 3105 1260 3139 cunr
1270 3087 1340 3139 Nico.

137 3171 204 3223 Flor.
218 3174 250 3221 31
262 3172 350 3222 Camb.
362 3176 411 3222 etc.
423 3172 507 3223 which
518 3173 567 3223 has
577 3174 672 3224 caused
683 3174 763 3224 much
774 3173 912 3224 confusion
924 3174 952 3222 in
964 3172 1009 3222 the
1019 3173 1072 3222 eds.
1084 3172 1169 3222 before
1180 3172 1258 3221 Laah.

169 3256 216 3305 277
223 3262 348 3318 perterget
358 3254 449 3305 Lamb.
463 3255 521 3304 first
533 3256 572 3305 for
585 3265 711 3319 perrogat:
729 3260 769 3320 (so
777 3264 890 3320 perteret
900 3257 945 3306 AB
957 3257 985 3305 in
996 3257 1058 3319 2493
1075 3256 1121 3306 but
1132 3254 1204 3305 there
1217 3261 1341 3317 perterget

138 3336 218 3397 Nioc.)
227 3340 351 3401 pertinget
362 3336 433 3386 Nico.
445 3337 497 3386 and
509 3352 538 3387 so
550 3337 586 3386 all
597 3337 681 3387 before
692 3338 785 3387 Lamb.
936 3340 985 3388 283
996 3340 1040 3387 ubi
1051 3339 1176 3400 spensam
1188 3336 1251 3386 Mar.
1266 3335 1340 3385 Junt.

138 3417 176 3466 for
186 3421 230 3467 ubi
241 3421 269 3467 in
279 3421 412 3481 speculum.
538 3419 586 3468 284
598 3422 627 3469 ia
638 3422 703 3470 idem
715 3420 765 3469 Ed.
778 3420 817 3469 for
829 3423 858 3470 in
869 3435 938 3470 eum:
956 3422 985 3469 id
996 3435 1048 3470 was
1060 3418 1184 3470 ahsorbed
1194 3419 1228 3482 by
1239 3421 1275 3480 in,
1289 3417 1341 3467 and

137 3515 174 3548 em
184 3515 236 3549 was
247 3500 309 3549 then
320 3499 436 3562 changed
448 3505 475 3550 to
486 3516 556 3550 eum:
574 3503 603 3550 iu
614 3517 665 3551 was
677 3502 729 3552 lost
740 3503 806 3552 after
816 3504 845 3551 id
856 3502 885 3551 in
897 3517 925 3552 rv
936 3503 1007 3553 1031.
1041 3505 1134 3552 iterum
1143 3501 1222 3552 Lach.

169 3583 216 3632 290
227 3583 287 3632 Illic
298 3598 361 3645 quor
370 3584 478 3632 reddant
489 3583 538 3632 Ed.
552 3584 592 3632 for
602 3585 662 3632 Illis
673 3600 739 3647 quoe
749 3586 866 3634 reddunt.
899 3584 980 3633 Lach.
991 3588 1053 3647 puts
1063 3584 1117 3633 this
1126 3599 1197 3633 verse
1207 3583 1273 3632 after
1284 3582 1340 3639 270,

137 3663 220 3713 where
231 3663 252 3712 11
264 3665 286 3713 11
298 3664 368 3727 quite
379 3670 425 3715 out
437 3666 466 3715 of
480 3665 566 3727 place:
585 3665 651 3713 from
665 3667 711 3716 107
724 3665 744 3715 it
755 3666 779 3714 11
790 3666 913 3715 manifest
925 3665 983 3715 that
995 3666 1041 3714 the
1055 3666 1161 3727 images,
1175 3670 1221 3714 not
1233 3663 1277 3713 the
1287 3663 1340 3713 real

137 3744 233 3808 things,
247 3745 371 3795 ‘reddunt
382 3747 544 3810 speculorum
555 3762 587 3796 ex
598 3762 707 3809 aequore
716 3747 801 3796 visum
810 3747 825 3794 ².
853 3747 944 3796 Lamb.
954 3747 1007 3796 and
1016 3746 1113 3796 Creech
1124 3747 1201 3796 think
1211 3747 1340 3798 ase-291

138 3826 269 3890 spurious:
280 3827 353 3877 Wak.
365 3843 395 3877 as
406 3828 481 3877 usual
492 3843 548 3878 sees
560 3843 594 3878 no
611 3828 736 3891 difficulty
747 3828 776 3876 in
788 3828 833 3877 the
844 3843 893 3877 ms.
906 3827 1012 3890 reading
1022 3828 1076 3878 aud
1086 3827 1172 3891 boldly
1182 3828 1246 3878 calls
1256 3827 1284 3877 in
1295 3827 1340 3877 the

137 3908 328 3971 Pythagoreans
339 3912 367 3958 to
379 3909 423 3959 the
435 3924 530 3959 rescue.
662 3910 793 3978 ass-³47
806 3909 947 3975 (sas—347
959 3911 1099 3972 aes-sat)
1110 3925 1174 3960 were
1184 3911 1240 3959 first
1251 3910 1341 3973 placed

106 3983 109 3988 ’
137 3990 165 4039 in
182 3990 249 4040 their
265 4007 357 4055 proper
373 3991 447 4041 order
463 3992 495 4055 by
507 3992 598 4043 Lamb.
618 3992 685 4042 after
701 3993 723 4040 B
740 4007 806 4041 corr.
841 3992 906 4041 This
922 3991 946 4040 is
962 4006 1011 4042 one
1027 3993 1056 4040 01
1071 3992 1115 4042 the
1132 3992 1203 4042 main
1219 4007 1341 4055 passages

136 4074 219 4124 which
234 4075 341 4125 enabled
352 4075 432 4124 Lach.
444 4090 473 4124 so
489 4075 590 4137 acutely
601 4078 628 4124 to
645 4074 788 4123 determine
804 4073 849 4123 the
865 4073 975 4124 number
989 4073 1019 4122 01
1033 4074 1099 4123 lines
1110 4074 1138 4123 in
1152 4088 1242 4136 apage
1253 4074 1282 4122 01
1296 4073 1341 4124 the

136 4157 186 4206 1011
202 4156 339 4220 archetype
353 4157 382 4206 01
396 4156 432 4205 all
448 4171 495 4206 our
511 4171 573 4204 mss.
608 4155 691 4204 These
705 4157 738 4207 49
754 4155 945 4208 verses÷three
962 4154 1087 4216 hesdinge
1103 4158 1212 4204 amount
1229 4158 1256 4204 10
1271 4155 1339 4218 fifty·

135 4243 184 4290 two
199 4255 229 4289 or
244 4239 315 4289 twice
330 4239 491 4302 twenty-sin
509 4238 566 4288 that
582 4239 605 4288 is
621 4242 648 4288 10
664 4253 711 4301 say
723 4238 768 4288 the
785 4237 898 4300 original
914 4253 963 4286 ms.
975 4236 1028 4286 had
1041 4237 1189 4300 twenty-six
1204 4237 1269 4286 lines
1284 4237 1341 4288 ina

134 4335 207 4384 page,
223 4321 275 4371 and
292 4322 325 4384 by
341 4335 411 4371 some
427 4321 525 4371 chance
540 4335 590 4369 one
606 4321 664 4382 leaf,
684 4320 729 4370 the
746 4320 817 4378 ruth.
833 4320 887 4370 had
904 4320 938 4369 its
955 4335 1033 4383 pages
1049 4319 1182 4381 inverted;
1197 4320 1279 4369 henos
1295 4319 1340 4370 the

135 4406 337 4468 transposition:
358 4420 399 4455 see
416 4403 591 4454 introduction
608 4419 634 4466 p.
652 4405 692 4454 27.
732 4403 787 4452 The
804 4418 884 4465 marg.
905 4404 934 4453 of
952 4403 1020 4452 Flor.
1038 4405 1070 4454 29
1087 4401 1114 4451 in
1132 4402 1177 4451 the
1193 4401 1297 4464 writing
1313 4402 1343 4452 of
