3008 4800
649 202 699 265 IV

162 375 197 429 et
218 367 311 451 quasi
334 367 513 450 pantherae
536 388 642 429 morsu
665 365 794 428 saevive
817 364 918 427 leonis

163 468 360 532 mandantur
382 467 510 552 magnis
532 467 726 530 clamoribus
749 467 858 529 omnia
878 441 1065 562 complentl

164 572 261 635 multi
283 572 324 634 de
346 571 475 655 magnis
498 592 555 653 per
578 591 727 632 somnum
751 569 839 631 rebu’
864 569 1039 652 loquuntur

163 674 345 757 indicioque
369 675 420 736 sui
443 674 521 736 facti
545 694 698 757 persaepe
722 658 836 785 fuerel

164 777 261 839 multi
284 786 421 839 mortem
445 753 713 871 obeuntlmulti,
736 774 777 838 de
799 774 965 837 montibus
987 774 1062 837 altis

163 881 280 965 utqui
303 881 522 965 praecipitent
543 880 586 943 ad
609 888 729 943 terram
751 899 882 962 corpore
904 886 982 953 toto,

164 994 378 1048 extemantur
400 994 434 1048 et
457 1007 497 1047 ex
519 1005 632 1047 somno
654 984 746 1068 quasi
770 984 926 1047 mentibu'
949 983 1035 1067 capti

164 1087 218 1149 vix
241 1088 284 1151 ad
305 1110 340 1151 se
363 1087 505 1152 redeunt
526 1087 667 1173 permoti
690 1087 831 1171 corporis
853 1075 972 1186 aestu!

165 1191 288 1255 flumen
310 1193 391 1255 item
415 1193 529 1256 sitiens
552 1200 611 1255 aut
633 1192 757 1256 fontem
780 1201 913 1276 propter
934 1213 1105 1255 amoenum

166 1294 293 1358 adsidet
315 1303 349 1359 et
372 1303 481 1358 toturn
504 1316 603 1380 prope
626 1295 775 1359 faucibus
798 1304 934 1380 occupat
954 1272 1111 1400 amnem(

167 1397 241 1481 puri
262 1420 359 1482 saepe
382 1399 489 1462 lacum
512 1408 644 1483 propter
666 1399 694 1462 si
716 1421 754 1462 ac
776 1398 863 1462 dolia
884 1407 976 1462 curta

166 1522 277 1564 somno
300 1501 445 1565 devincti
467 1500 606 1565 credunt
628 1522 662 1565 se
685 1502 840 1565 extollere
864 1509 994 1577 vestem,

166 1605 269 1668 totius
292 1627 438 1669 umorem
460 1613 624 1668 saccatum
647 1605 780 1690 corpori’
803 1604 954 1680 fundunt,

167 1731 241 1772 cum
265 1709 464 1794 Babylonica
486 1709 657 1795 magnifico
679 1709 848 1794 splendore
871 1679 1042 1808 riganturl

167 1822 240 1876 tum
263 1814 381 1898 quibus
404 1814 524 1878 aetatis
547 1814 631 1877 freta
653 1813 806 1898 primitus
828 1813 1013 1877 insinuatur

167 1939 287 1992 semen,
309 1917 367 1981 ubi
389 1917 461 2002 ipsa
483 1916 553 1981 dies
575 1917 730 1981 membris
753 1924 883 1980 matura
905 1917 1033 1993 creavit,

167 2019 365 2083 conveniunt
388 2019 561 2083 simulacra
583 2019 660 2083 foris
682 2042 700 2083 e
724 2040 854 2103 corpore
877 2040 1004 2104 quoque

167 2124 285 2187 nuntia
307 2125 464 2210 praeclari
486 2125 593 2188 voltus
616 2124 808 2209 pulchrique
830 2123 950 2199 coloris,

167 2227 225 2310 qui
247 2227 312 2291 ciet
334 2228 474 2292 inritans
496 2226 566 2292 loca
589 2228 721 2314 turgida
744 2229 867 2292 semine
890 2228 1002 2303 multe,

169 2341 207 2393 ut
230 2331 322 2416 quasi
344 2331 518 2395 transactis
540 2353 636 2417 saepe
658 2331 802 2395 omnibu'
825 2331 914 2395 rebu'
936 2330 1131 2415 profundant

168 2434 312 2498 fluminis
334 2434 478 2520 ingentis
500 2433 620 2497 fluctus
642 2443 831 2519 vestemque
854 2412 1056 2512 cruententl

211 2536 415 2600 Sollicitatur
436 2537 471 2601 id
492 2538 528 2600 io
550 2537 651 2613 nobis,
674 2537 761 2622 quod
783 2537 926 2601 diximus
948 2546 1034 2610 ante,

169 2661 288 2714 semen,
310 2639 425 2703 adulta
447 2647 538 2703 aetas
560 2661 633 2703 cum
656 2640 799 2725 primum
822 2640 950 2704 roborat
971 2622 1086 2738 artusl

169 2763 309 2826 namque
331 2742 411 2805 alias
434 2743 523 2806 aliud
546 2764 597 2806 res
619 2751 801 2807 commovet
823 2751 922 2828 atque
945 2741 1088 2820 lacessit3

170 2868 209 2908 ex
232 2845 362 2910 homine
386 2847 568 2910 humanum
591 2868 701 2910 semen
725 2847 789 2911 ciet
811 2868 878 2910 una
899 2846 1037 2910 hominis
1060 2799 1137 2964 vis)

170 2949 257 3032 quod
280 2949 376 3012 simul
400 2957 500 3034 atque
523 2950 590 3013 suis
613 2951 753 3015 eiectum
776 2949 907 3014 sedibus
929 2950 1005 3026 exit,

169 3073 227 3135 per
249 3052 395 3115 membra
417 3060 517 3137 atque
540 3064 631 3116 artus
653 3052 781 3116 decedit
804 3074 933 3137 corpore
957 3059 1026 3116 toto

170 3153 205 3216 in
228 3153 297 3218 loca
319 3154 514 3218 conveniens
538 3177 709 3218 nervorum
733 3164 823 3219 certa
845 3156 973 3239 cietque

170 3258 324 3322 continuo
347 3258 450 3343 partis
473 3259 625 3344 genitalis
648 3259 788 3344 corporis
811 3227 919 3368 ipsas}

170 3362 307 3425 inritata
329 3370 460 3426 tument
483 3363 552 3426 loca
574 3363 697 3426 semine
721 3363 823 3447 fitque
847 3363 994 3426 voluntas
1209 3379 1286 3444 1045

170 3465 273 3530 eicere
296 3465 329 3530 id
352 3488 416 3550 quo
439 3488 473 3530 se
497 3466 665 3530 contendit
687 3467 759 3530 dira
783 3466 901 3542 lubid0,

83 3627 165 3675 cedes.
198 3629 295 3689 Monac
310 3632 400 3678 etenim
417 3629 482 3677 Mar.
495 3628 568 3678 Junt.
583 3628 676 3677 Lamb.
688 3630 811 3691 wrongly.
845 3639 943 3688 mentes,
959 3632 1056 3691 crapola
1072 3633 1115 3692 qui
1131 3632 1252 3680 mentibus
1268 3647 1290 3680 e.

84 3710 120 3758 M.
136 3707 216 3756 Lach.
230 3710 369 3772 strangely.
505 3710 568 3758 1021
590 3713 622 3759 Ut
634 3713 680 3772 qui
691 3712 714 3758 A
725 3726 750 3772 p.
764 3726 798 3761 m.
813 3710 918 3772 rightly.
957 3713 988 3760 Ut
1000 3714 1073 3773 quasi
1084 3712 1129 3760 BA
1140 3726 1204 3760 corr.
1217 3712 1285 3761 Nico.

83 3791 153 3838 Flor.
167 3792 197 3840 31
210 3790 299 3840 Camb.
312 3791 348 3839 all
364 3790 422 3839 vat.
441 3791 511 3841 Mon.
532 3795 594 3839 etc:
612 3790 694 3840 hence
710 3791 788 3839 much
803 3792 939 3841 confusion
957 3791 1041 3841 before
1058 3792 1130 3843 Wak.
1167 3795 1199 3842 Se
1217 3794 1291 3857 quasi

85 3871 149 3921 Mar.
254 3872 317 3919 1022
333 3871 602 3921 Externooturhaoh.
615 3872 655 3920 lor
668 3874 846 3920 Exterruotur.
881 3875 1047 3921 Exterveotur
1061 3875 1128 3936 vulg.
1227 3874 1293 3924 1026

83 3957 120 4002 aei
135 3952 214 4004 Lach⁴
230 3954 270 4003 lor
285 3970 321 4003 se:
340 3954 407 4004 Mar.
422 3954 496 4004 Junt.
508 3955 577 4016 vulg.
593 3955 657 4003 omit
669 3970 693 4003 se
706 3953 734 4002 in
748 3941 819 4011 1027,
832 3954 884 4004 and
897 3955 959 4004 1023
975 3954 1055 4003 insert
1066 3964 1094 4003 ut
1105 3956 1173 4004 after
1185 3955 1288 4020 (Avanc.

84 4036 179 4100 before)
192 4045 326 4097 saccatum,
341 4037 393 4086 and
405 4037 465 4086 read
471 4039 588 4100 suadent
598 4037 660 4085 with
672 4037 742 4084 Brlx.
756 4037 787 4101 (l)
801 4036 857 4086 Ver.
873 4036 936 4086 Ven.
1111 4038 1173 4086 1032
1185 4053 1288 4100 quoque.

84 4121 191 4180 quodam
202 4117 281 4166 Lech.
294 4118 403 4167 without
415 4119 628 4169 reasonlthink.
742 4119 805 4166 1034
824 4120 874 4180 Qui
885 4118 975 4167 Lamb.
988 4119 1027 4167 for
1040 4120 1116 4179 Quae.
1227 4120 1289 4168 1035

89 4201 121 4248 Ut
133 4199 197 4249 Mar.
213 4200 322 4261 Nauger.
338 4200 378 4248 lor
390 4203 434 4249 Et.
536 4201 599 4249 1036
616 4206 745 4249 crueatent
756 4199 825 4250 Flor.
841 4201 872 4248 31
884 4199 971 4249 Camb.
987 4200 1026 4249 lor
1037 4208 1155 4251 montet.

118 4283 181 4333 1037
200 4283 228 4330 td
244 4285 273 4331 io
288 4284 359 4331 nobis
376 4282 445 4330 Flor.
464 4284 495 4330 31
513 4282 601 4333 (lamb.
623 4282 698 4330 Pont.
717 4281 811 4332 Avano.
832 4285 860 4330 at
877 4281 928 4331 end
941 4281 969 4331 of
983 4281 1101 4331 Catullus
1114 4283 1154 4332 for
1169 4285 1197 4332 id
1211 4285 1289 4333 rtobis.

84 4362 113 4409 id
129 4375 142 4408 e
159 4360 239 4410 Lach.
284 4363 350 4410 idem
366 4361 439 4410 Brix.
452 4361 510 4410 Ver.
524 4362 587 4410 Ven.
600 4362 696 4412 Avanc.
710 4360 739 4408 in
750 4360 807 4412 Ald.
823 4363 845 4412 1.
1002 4362 1064 4411 1038
1081 4365 1171 4412 adulto
1185 4364 1206 4412 B
1222 4378 1286 4415 corr.

171 4461 205 4508 M.
1165 4451 1204 4514 13
