3008 4800
144 197 187 273 46
742 193 758 255 I

231 366 269 421 ut
291 358 402 443 potius
424 358 538 422 multis
560 355 744 421 communia
766 379 895 442 corpora
917 357 1014 420 rebus

231 463 337 527 multa
359 471 456 548 putes
479 483 557 538 esse,
577 444 618 524 ¹ut
641 460 747 525 verbis
769 461 930 524 elementa
953 460 1110 536 videmus

232 587 329 650 quam
353 566 423 628 sine
446 563 613 649 principiis
638 562 737 626 ullam
759 585 826 626 rern
849 563 985 626 existere
1009 554 1127 648 posse}

231 669 371 754 denique
395 691 452 732 cur
475 667 621 730 homines
645 674 752 730 tantos
774 674 890 729 natura
912 687 1024 749 parare

163 851 167 854 .
189 828 196 837 .
232 797 296 837 non
318 772 436 858 potuit,
459 770 597 856 pedibus
619 770 677 854 qui
698 778 835 854 pontum
858 791 915 854 per
937 768 1019 832 vada
1041 776 1173 852 possent

155 859 165 905 1-
233 875 370 940 transire
394 884 428 938 et
450 894 584 958 magnos
607 872 757 935 manibus
779 870 929 935 divellere
954 872 1074 935 montis

233 979 401 1063 multaque
424 976 561 1040 vivendo
584 974 698 1039 vitalia
719 973 845 1038 vincere
868 973 980 1050 saecla,

233 1082 261 1146 si
284 1103 358 1156 non,
380 1078 533 1142 materies
556 1078 634 1163 quia
655 1077 751 1142 rebus
773 1075 899 1140 reddita
921 1084 1041 1140 certast

232 1181 409 1269 gignundis
431 1160 450 1244 e
472 1201 537 1264 qua
559 1187 687 1243 constet
708 1178 787 1264 quid
809 1177 910 1263 possit
933 1151 1058 1282 oririti

233 1285 280 1348 nil
302 1284 405 1370 igitur
427 1281 498 1346 fieri
520 1281 561 1345 de
583 1281 650 1344 nilo
672 1302 762 1366 posse
785 1281 995 1357 fatendumst,

233 1388 357 1452 semine
380 1386 510 1472 quando
532 1407 613 1470 opus
636 1395 686 1450 est
707 1385 804 1449 rebus
825 1407 888 1470 quo
910 1407 1058 1471 quaeque
1081 1394 1208 1449 creatae

234 1491 316 1556 aeris
339 1492 374 1555 in
397 1499 525 1555 teneras
547 1489 673 1575 possint
695 1489 862 1575 proferrier
884 1487 1007 1597 aurasi

234 1606 397 1683 postremo
420 1596 573 1683 quoniam
595 1596 727 1661 incultis
750 1604 912 1681 praestare
934 1595 1083 1662 videmus

235 1699 325 1764 culta
347 1700 417 1763 loca
438 1708 473 1764 et
494 1698 645 1764 manibus
667 1698 808 1763 melioris
830 1697 962 1764 reddere
985 1701 1080 1776 fetus,

236 1824 305 1867 esse
328 1802 480 1866 videlicet
502 1802 537 1865 in
559 1802 653 1869 terris
676 1801 849 1887 primordia
871 1824 977 1866 rerum

235 1929 318 1991 quae
342 1928 399 1970 nos
422 1906 575 1970 fecundas
598 1913 768 1970 vertentes
784 1927 910 1970 vomere
931 1906 1044 1992 glebas

237 2010 400 2094 terraique
422 2009 527 2073 solum
549 2007 739 2094 subigentes
761 2009 863 2072 cimus
884 2009 926 2072 ad
948 1991 1076 2112 crtusi

236 2113 321 2198 quod
348 2113 376 2177 si
397 2112 489 2176 nulla
511 2112 624 2189 forent,
646 2121 756 2176 nostro
778 2112 846 2177 sine
868 2099 1016 2199 quaeque
1039 2114 1148 2178 labore

236 2224 352 2301 sponte
375 2237 434 2280 sua
457 2215 562 2279 multo
583 2214 654 2280 fieri
675 2215 808 2280 meliora
830 2210 981 2298 videres!

281 2319 357 2382 Huc
379 2318 505 2383 accedit
527 2318 578 2382 uti
601 2317 738 2403 quicque
761 2317 795 2381 in
818 2340 876 2382 sua
897 2341 1028 2404 corpora
1049 2342 1176 2383 rursum

236 2423 395 2487 dissoluat
417 2431 536 2486 natura
556 2429 663 2507 'neque
686 2421 727 2485 ad
749 2421 852 2485 nilum
875 2422 1049 2487 interemat
1071 2400 1151 2529 resi

236 2548 312 2591 nam
338 2526 445 2612 siquid
469 2525 604 2590 mortale
626 2548 642 2591 e
664 2525 789 2590 cunctis
811 2526 957 2611 partibus
980 2536 1073 2605 esset,

237 2652 277 2694 ex
300 2629 401 2694 oculis
424 2650 474 2693 res
496 2650 645 2714 quaeque
667 2637 801 2714 repente
823 2639 935 2715 erepta
956 2614 1105 2722 periret}

237 2734 328 2798 nulla
352 2734 386 2797 vi
409 2734 492 2799 foret
514 2756 591 2799 usus
613 2735 701 2800 enim
723 2735 976 2820 quaenpartibus
998 2737 1068 2800 eius

237 2837 411 2902 discidium
433 2859 545 2922 parere
567 2847 602 2902 et
624 2861 726 2904 nexus
748 2840 910 2905 exsolvere
932 2822 1077 2950 posseti

238 2939 324 3026 quod
347 2962 442 3017 nunc,
464 2947 596 3005 aeterno
619 2941 696 3026 quia
717 2951 867 3007 constant
889 2943 1012 3008 semine
1034 2966 1190 3029 quaeque,

237 3043 340 3108 donec
362 3043 411 3108 vis
433 3043 516 3108 obiit
538 3066 622 3130 quae
645 3068 696 3111 res
717 3046 899 3111 diverberet
920 3046 989 3111 ictu

237 3154 296 3210 aut
318 3146 409 3210 intus
431 3154 582 3232 penetret
603 3170 662 3233 per
683 3148 793 3213 inania
813 3149 1042 3236 dissoluatque,

239 3249 361 3314 nullius
384 3249 523 3314 exitium
545 3251 672 3335 patitur
693 3261 811 3316 natura
833 3233 965 3351 viderii

239 3361 407 3437 praeterea
429 3373 653 3439 quaecumque
675 3363 840 3419 vetustate
862 3364 990 3420 amovet
1012 3364 1111 3431 aetas,

239 3455 267 3520 si
289 3455 423 3541 penitus
445 3456 584 3541 peremit
606 3479 798 3523 consumens
820 3460 988 3525 materiem
1011 3483 1149 3537 omnem,

239 3559 325 3623 unde
347 3559 489 3623 animale
510 3581 614 3645 genus
636 3562 817 3647 generatim
839 3562 874 3627 in
897 3563 1020 3628 lumina
1042 3564 1129 3629 vitae

240 3662 388 3727 redducit
410 3663 532 3739 Venus,
554 3673 613 3728 aut
634 3665 826 3730 redductum
849 3667 984 3732 daedala
1005 3669 1103 3733 tellus

240 3767 327 3831 unde
349 3766 410 3831 alit
432 3775 532 3852 atque
554 3777 655 3854 auget
676 3771 854 3853 generatim
877 3771 1198 3857 pabulaipraebenst

173 3871 214 3921 2³<
238 3871 325 3936 unde
349 3893 437 3935 mare
459 3871 613 3958 ingenuei
636 3873 739 3938 fontes
762 3883 958 3962 externaque
980 3877 1076 3962 longe
1295 3897 1313 3941 2
1318 3897 1360 3960 30

155 4109 277 4167 Crescere,
300 4124 387 4171 resque
409 4123 494 4170 penus.
530 4109 666 4158 crescendo
690 4110 755 4160 Mar.
779 4111 851 4161 Junt.
874 4111 963 4162 Lamb.
989 4115 1038 4161 etc.
1191 4114 1239 4164 207
1261 4117 1360 4178 possint

153 4189 229 4239 Pont.
241 4190 299 4239 Ald.
313 4193 327 4239 l
342 4190 418 4242 Junt.
435 4191 600 4254 torpescent:
618 4205 634 4240 a
651 4190 752 4254 change
763 4192 846 4242 which
858 4192 910 4242 will
925 4195 996 4263 often
1011 4193 1077 4244 have
1094 4198 1121 4244 to
1136 4193 1168 4244 be
1183 4195 1275 4247 made:
1293 4211 1358 4246 mss.

153 4287 196 4322 are
213 4286 284 4322 more
300 4276 347 4336 apt
363 4276 392 4322 to
408 4276 457 4334 put
469 4280 571 4335 possent
584 4272 624 4322 for
637 4276 737 4336 possint
754 4273 819 4324 than
830 4275 884 4325 vice
900 4290 979 4327 versa.
1080 4277 1128 4326 215
1144 4279 1249 4340 quicque
1263 4277 1355 4329 namt.

153 4355 192 4404 for
214 4356 343 4416 quicquid.
453 4354 501 4403 217
523 4369 536 4402 e
558 4352 639 4403 added
661 4353 695 4415 by
716 4353 785 4405 Nicc.
875 4394 877 4402 .
901 4355 982 4406 2301
1003 4355 1089 4408 follem
1111 4356 1155 4409 the
1176 4372 1254 4408 msa:
1280 4374 1358 4418 mre,
