3008 4800
719 191 770 267 VI
1295 212 1355 277 273

235 355 345 441 guttai
368 356 421 418 vix
444 355 548 418 instar
570 363 667 418 erunt
689 354 787 418 unius
809 355 1013 440 adaugmen3

236 479 299 542 quo
322 457 428 522 minus
451 466 501 522 est
523 457 643 520 mirum
665 478 754 520 mare
776 478 841 520 non
864 479 1036 543 augescere
1061 421 1235 556 magnum}
1292 461 1352 539 615

236 569 403 644 praeterea
425 581 578 644 magnam
600 558 647 622 sol
670 566 798 643 partem
821 559 966 623 detrahit
988 540 1105 655 aestui

235 663 355 747 quippe
378 662 526 725 videmus
549 660 637 724 enim
661 660 760 724 vestis
783 682 895 724 umore
920 661 1080 726 madentis

236 765 392 828 exsiccare
415 764 482 827 suis
505 763 604 826 radiis
626 762 808 826 ardentibu'
831 763 950 828 solem:

234 877 269 932 at
291 868 404 953 pelage
429 866 533 930 multa
554 873 589 930 et
611 867 677 930 late
700 866 867 930 substrata
889 844 1063 962 videmus,

206 1021 210 1044 ‚
235 973 367 1059 proinde
389 972 466 1035 licet
488 970 637 1056 quamvis
659 993 699 1035 ex
722 993 787 1035 uno
810 993 940 1057 quoque
962 972 1030 1036 loco
1052 973 1099 1037 sol

183 1065 186 1070 ’
235 1076 355 1157 umoris
378 1097 510 1160 parvam
532 1074 655 1139 delibet
677 1074 719 1147 ab
741 1096 881 1160 aequore
904 1084 1048 1160 partem3

236 1179 368 1265 largiter
389 1178 424 1258 in
447 1185 540 1242 tanto
562 1179 668 1262 spatio
691 1185 802 1242 tamen
824 1179 950 1243 auferet
973 1157 1095 1258 undisl

235 1290 306 1345 tum
329 1303 421 1366 porro
443 1281 535 1346 venti
557 1302 685 1366 quoque
707 1303 860 1367 magnam
883 1282 995 1346 tollere
1018 1294 1144 1368 partem

236 1386 355 1450 umoris
377 1394 513 1472 possunt
537 1394 700 1451 verrentes
722 1407 870 1471 aequora,
895 1387 1000 1451 ventis

161 1527 163 1530 >
236 1511 300 1552 una
322 1497 416 1553 nocte
437 1488 507 1553 -vias
530 1488 683 1574 quoniam
705 1511 861 1573 persaepe
884 1489 1032 1555 videmus

233 1591 344 1656 siccari
367 1591 536 1678 mollisque
558 1591 622 1656 luti
643 1614 846 1657 concrescere
869 1570 1018 1676 crustasl

235 1704 402 1779 praeterea
423 1693 519 1758 docui
542 1695 684 1758 multum
706 1717 836 1780 quoque
859 1696 973 1761 tollere
995 1696 1100 1761 nubes

235 1821 382 1863 umorem
405 1821 522 1882 magno
545 1808 737 1884 conceptum
761 1822 802 1863 ex
825 1821 964 1886 aequore
986 1800 1080 1886 ponti

200 1907 268 1972 pet
290 1901 409 1985 passim
433 1907 503 1964 toto
525 1908 686 1965 terrarum
708 1923 859 1987 spargere
882 1903 917 1966 in
939 1902 1018 1979 orbi,

235 2024 310 2067 cum
332 2003 419 2088 pluit
441 2002 476 2066 in
499 2001 595 2068 terris
618 2012 652 2067 et
674 2004 766 2068 venti
788 2004 902 2069 nubila
923 1979 1078 2095 portanti

234 2115 396 2191 postremo
418 2106 572 2192 quoniam
594 2129 665 2171 raro
688 2129 763 2172 cum
786 2130 918 2193 corpore
940 2110 1039 2174 tellus

235 2219 294 2286 est,
315 2219 349 2275 et
371 2211 584 2287 coniunctast,
606 2232 682 2283 oras.
699 2211 797 2274 maris
820 2211 964 2298 undique
986 2213 1127 2299 cingens,

234 2315 340 2391 debet,
364 2323 402 2379 ut
424 2314 459 2378 in
481 2337 570 2380 mare
592 2314 633 2379 de
656 2315 750 2380 terris
773 2316 864 2380 venit
885 2340 980 2381 umor
999 2317 1105 2403 aquai,

236 2418 270 2482 in
293 2427 394 2483 terras
415 2419 532 2483 itidem
554 2441 686 2484 manare
708 2442 748 2484 ex
771 2442 911 2504 aequore
934 2420 1034 2500 sals03

235 2523 416 2607 percolatur
439 2523 527 2587 enim
551 2523 639 2588 virus
661 2531 812 2609 retroque
835 2532 985 2589 remanat

234 2628 386 2692 materies
408 2628 529 2692 umoris
551 2636 586 2692 et
609 2628 652 2692 ad
674 2637 773 2713 caput
796 2628 949 2694 amnibus
971 2629 1075 2694 omnis

234 2731 377 2808 confluit,
399 2730 476 2794 inde
498 2753 598 2816 super
620 2740 724 2796 terras
746 2730 832 2796 redit
854 2732 987 2818 agmine
1008 2731 1097 2796 dulci

233 2856 299 2919 qua
320 2834 373 2898 via
393 2842 483 2898 secta
504 2834 604 2899 semel
627 2833 750 2919 liquido
774 2834 856 2920 pede
879 2835 997 2900 detulit
1020 2797 1175 2930 nudasti

278 2939 375 3003 Nunc
397 2940 481 3004 ratio
503 2961 587 3025 quae
609 2939 661 3016 sit,
684 2962 743 3026 per
764 2941 873 3005 fauces
896 2941 1016 3005 montis
1037 2950 1076 3006 ut
1099 2941 1225 3007 Aetnae

235 3043 382 3128 expirent
404 3042 497 3129 ignes
519 3043 685 3107 interdum
708 3043 840 3108 turbine
863 3052 966 3121 tanto,

235 3128 424 3230 expediam.l
443 3167 550 3231 neque
572 3147 660 3209 enim
683 3145 836 3210 mediocri
858 3147 949 3211 clade
971 3154 1080 3211 coorta

233 3249 382 3313 flammea
405 3256 582 3334 tempestas
605 3249 753 3314 Siculum
776 3249 945 3315 dominata
967 3273 1024 3336 per
1045 3273 1139 3338 agros

233 3350 380 3415 finitimis
402 3352 444 3415 ad
467 3373 501 3416 se
524 3351 684 3416 convertit
707 3351 861 3437 gentibus
884 3373 948 3428 ora,

147 3531 273 3579 Naturam
283 3530 358 3581 Pont.
373 3530 438 3579 Mar.
450 3529 508 3578 Ald.
519 3530 533 3577 1
545 3529 619 3580 Junt.
635 3529 693 3578 first
704 3528 744 3577 lor
755 3529 865 3578 Natura.
969 3526 1016 3576 614
1028 3528 1174 3591 adcuprnen.
1208 3529 1357 3590 adsaporet

149 3610 218 3660 Nico.
232 3610 349 3659 followed
360 3610 394 3673 by
405 3610 440 3659 all
451 3625 514 3662 mss.
528 3609 581 3660 and
592 3609 645 3659 eds.
657 3609 743 3659 before
758 3609 839 3659 Lech.
956 3608 1004 3658 616
1018 3596 1134 3671 mapsam
1148 3611 1185 3658 sol
1196 3610 1272 3659 Pont.
1284 3610 1357 3659 Junt.

147 3691 188 3740 for
204 3693 241 3740 aol
257 3706 380 3752 moenam.
413 3705 530 3752 inoptam
543 3698 644 3753 portem
659 3693 697 3739 sol
714 3691 779 3740 Mar.
914 3689 962 3738 624
981 3704 1099 3752 aequora,
1118 3693 1200 3739 ventis
1219 3689 1298 3739 Lech.
1316 3690 1358 3740 for

150 3789 259 3836 aequom
275 3776 353 3822 venti.
387 3788 498 3836 aequora
511 3775 585 3835 ponti
602 3772 673 3820 Nico.
686 3772 753 3834 vulg.
769 3770 883 3834 perhaps
900 3771 1004 3834 rightly,
1022 3786 1052 3820 as
1069 3772 1114 3820 tha
1130 3773 1212 3822 words
1228 3788 1271 3822 are
1286 3773 1358 3822 often

149 3853 286 3904 confused:
303 3869 386 3915 comp.
399 3853 482 3904 1276:
499 3853 553 3902 and
564 3855 646 3902 ventis
657 3852 681 3902 is
692 3852 834 3902 somewhat
846 3852 982 3902 awkward.
1081 3853 1128 3904 629
1140 3856 1194 3904 orbi
1206 3855 1270 3903 Mar.
1282 3855 1355 3904 Junt.

149 3936 189 3986 lor
199 3938 273 3986 orbis.
307 3938 362 3986 orbe
373 3936 443 3986 Flor.
455 3937 487 3984 31
499 3935 589 3984 (lamb.
601 3937 696 3986 Avanc.
840 3936 889 3986 632
904 3936 1015 3986 morisB
1031 3950 1096 3985 corr.
1110 3936 1186 3985 Pont.
1203 3937 1267 3986 Mar.
1283 3937 1355 3987 Junt.

150 4019 206 4083 (not
217 4019 286 4069 Flor.
298 4020 339 4085 31)
352 4018 392 4068 for
402 4023 492 4081 magis.
631 4019 680 4069 638
687 4019 750 4083 pede
762 4020 856 4068 detulit
867 4019 888 4067 Α
900 4033 965 4068 corr.
978 4019 1019 4067 for
1025 4021 1090 4082 pede
1103 4021 1172 4068 tulit.
1309 4019 1356 4068 641

147 4103 268 4151 mediocri
283 4103 354 4151 clade
369 4109 454 4151 coorta
469 4101 504 4153 Is.
520 4101 595 4150 Voss.
607 4101 636 4150 in
651 4116 700 4150 ms.
712 4104 788 4151 notes
803 4102 843 4150 for
853 4103 937 4152 media
953 4104 1040 4164 precia
1055 4104 1085 4152 de
1100 4111 1196 4152 coorto:
1214 4102 1293 4152 afine
1305 4102 1357 4151 and

148 4182 246 4232 certain
257 4183 407 4232 correction.
440 4185 525 4233 nudie
535 4185 566 4232 do
576 4185 651 4245 piade
662 4183 721 4232 vat.
737 4184 801 4234 1954
814 4182 908 4234 Othob.
944 4185 1028 4233 media
1038 4186 1068 4234 de
1080 4185 1151 4232 clade
1163 4186 1212 4232 two
1224 4184 1281 4234 Vat.
1296 4182 1357 4232 Pius

148 4265 177 4314 in
194 4267 397 4329 notaaNauger.
411 4264 504 4316 Lamb.
537 4267 622 4316 medie
638 4281 702 4330 qaae
718 4268 790 4316 clade
807 4268 905 4316 Avanc.
939 4269 985 4316 dra
1001 4268 1031 4316 de
1048 4268 1120 4316 clade
1136 4265 1199 4315 Fab.
1232 4267 1356 4315 Enceladi

148 4351 178 4398 de
188 4351 260 4399 clade
271 4349 357 4399 Bentl.
370 4349 455 4399 before
465 4348 499 4398 he
509 4348 583 4397 knew
595 4347 710 4398 Vossius’
721 4347 897 4398 emendation.
1029 4347 1076 4397 642
1087 4350 1214 4398 Flamma
1226 4347 1315 4397 Heius.
1329 4346 1358 4396 in

236 4449 270 4497 n.
1233 4434 1272 4494 18
