3008 4800
735 218 786 284 VI

241 406 317 471 ergo
340 383 483 449 fervidus
505 385 558 449 hic
579 386 699 450 nubem
722 409 796 450 cum
818 386 971 472 perscidit
993 395 1105 464 atram,
1299 395 1359 457 180

240 487 378 573 dissipat
400 488 523 553 ardoris
544 489 637 575 quasi
659 512 717 575 per
738 490 804 554 vim
826 511 976 574 expressa
997 501 1130 576 repente

240 592 365 654 semina
387 613 470 676 quae
494 592 617 656 faciunt
640 592 799 657 nictantia
821 593 950 678 fulgura
971 594 1137 674 flammam

240 697 317 760 inde
340 718 438 760 sonus
460 697 608 782 sequitur
630 697 687 783 qui
710 697 833 762 tardius
855 697 965 762 adficit
988 699 1074 762 auris

241 822 339 885 quam
364 821 447 884 quae
469 800 664 884 perveniunt
687 800 850 865 oculorum
872 801 914 864 ad
937 801 1060 866 lumina
1081 811 1195 867 nostra.

241 903 364 967 scilicet
387 902 448 966 hoc
470 903 578 966 densis
599 902 638 966 fit
660 903 802 967 nubibus
824 911 858 968 et
880 904 976 968 simul
999 905 1064 969 alte
1301 909 1357 986 185

241 1004 400 1070 extructis
423 1004 496 1068 aliis
518 1004 598 1069 alias
620 1027 718 1090 super
740 1006 862 1092 impete
885 1007 985 1088 miro;

241 1132 282 1174 ne
305 1108 369 1172 tibi
392 1108 436 1172 sit
459 1108 546 1171 frudi
567 1107 654 1192 quod
677 1131 735 1173 nos
757 1108 881 1174 inferne
903 1111 1050 1177 videmus

241 1234 340 1298 quam
364 1211 431 1276 sint
453 1211 522 1275 lata
543 1211 646 1296 magis
669 1234 767 1298 quam
789 1235 916 1277 sursum
939 1223 1087 1280 extructa
1109 1217 1186 1302 quid
1208 1164 1359 1302 extentl

241 1315 480 1400 contemplator
502 1315 598 1391 enim,
621 1338 695 1379 cum
718 1316 883 1381 montibus
904 1317 1099 1384 adsimulata

241 1420 356 1485 nubila
377 1419 556 1505 portabunt
577 1420 669 1484 venti
691 1428 871 1485 transversa
892 1443 949 1506 per
970 1445 1073 1500 auras,
1301 1440 1368 1512 190!

241 1533 302 1590 aut
324 1523 383 1588 ubi
405 1544 619 1609 permagnos
641 1523 761 1588 montis
783 1524 946 1589 cumulata
969 1525 1092 1590 videbis

242 1631 377 1713 insuper
399 1649 468 1692 esse
491 1627 563 1691 aliis
586 1626 650 1692 alia
671 1635 772 1713 atque
794 1649 932 1714 urguere
954 1651 1091 1714 superne

244 1734 279 1798 in
302 1732 443 1797 statione
466 1732 571 1796 locata
592 1730 729 1817 sepultis
752 1731 894 1817 undique
916 1706 1077 1833 ventiszli

245 1849 318 1905 turn
341 1837 463 1924 poteris
485 1860 619 1922 magnas
641 1839 741 1904 moles
763 1859 951 1926 cognoscere
974 1861 1083 1904 eorum

243 1943 481 2029 speluncasque
503 1942 595 2007 velut
617 1942 703 2007 saxis
725 1942 935 2028 pendentibu'
958 1951 1097 2008 structas
1305 1957 1361 2023 195

244 2068 385 2125 cernere,
408 2068 489 2131 quas
511 2045 602 2110 venti
625 2068 699 2110 cum
722 2054 918 2132 tempestate
941 2055 1048 2111 coorta

246 2145 448 2230 conplerunt,
471 2167 589 2230 magno
611 2144 823 2230 indignantur
844 2168 1008 2211 murmure
1030 2146 1131 2211 clausi

245 2247 391 2313 nubibus
413 2246 449 2312 in
471 2246 641 2333 caveisque
664 2248 804 2311 ferarum
826 2270 914 2313 more
936 2249 1122 2329 minantur3

246 2374 334 2416 nunc
357 2351 433 2415 hinc
455 2374 543 2415 nune
564 2351 654 2415 illinc
677 2351 825 2416 fremitus
846 2375 905 2438 per
925 2353 1038 2417 nubila
1060 2353 1198 2418 mittunt

247 2463 507 2540 quaerentesque
530 2453 616 2518 viam
638 2453 759 2518 circum
782 2462 952 2519 versantur
972 2465 1007 2522 et
1029 2457 1114 2543 ignis
1303 2473 1368 2522 200

247 2557 374 2622 semina
396 2557 592 2632 convolvunt
614 2579 631 2622 e
652 2556 795 2621 nubibus
816 2565 916 2642 atque
939 2558 986 2623 ita
1007 2567 1128 2646 cogunt

247 2660 354 2725 multa
375 2667 550 2745 rotantque
572 2660 659 2724 cavis
682 2661 845 2724 flammam
868 2662 1049 2726 fornacibus
1071 2662 1169 2738 intua

248 2764 350 2828 donec
373 2763 498 2828 divolsa
519 2763 679 2828 fulserunt
701 2763 788 2828 nube
810 2738 950 2867 coruscil

294 2868 368 2932 Hac
391 2868 492 2932 etiam
514 2867 554 2931 fit
576 2866 627 2931 uti
650 2866 690 2930 de
713 2889 809 2930 causa
831 2866 959 2932 mobilis
981 2867 1035 2932 ille

250 2971 381 3035 devolet
402 2970 438 3034 in
460 2979 579 3035 terram
603 2968 720 3055 liquidi
741 2968 826 3033 color
847 2991 963 3034 aureus
985 2970 1077 3056 ignis
1306 2988 1367 3052 205

251 3074 378 3138 semina
399 3073 487 3159 quod
508 3067 613 3136 nubes
636 3073 721 3157 ipsas
744 3072 906 3157 permulta
927 3081 1092 3137 necessust

251 3177 338 3264 ignis
361 3177 498 3256 habere;
528 3175 651 3240 etenim
673 3198 747 3240 cum
771 3184 847 3241 sunt
869 3198 980 3240 umore
1002 3175 1071 3240 sine
1094 3176 1167 3251 ullo,

252 3282 422 3345 flammeus
445 3289 495 3345 est
518 3280 708 3366 plerumque
730 3281 815 3344 colos
837 3288 871 3345 et
893 3280 1080 3365 splendidus
1102 3280 1180 3344 ollis.

166 3476 224 3526 Ald.
237 3477 251 3524 1
264 3476 337 3525 Junt.
350 3476 391 3525 for
402 3478 525 3538 quiescit:
542 3490 559 3525 a
570 3476 670 3525 certain
683 3475 834 3526 correction.
862 3479 965 3526 calemit
976 3476 1054 3526 Lach.
1067 3476 1162 3540 utterly
1169 3475 1315 3538 destroying
1327 3476 1373 3526 the

168 3559 235 3608 force
246 3559 275 3607 of
284 3559 330 3608 the
341 3573 458 3621 passage.
558 3559 606 3607 180
614 3560 738 3621 perscidit
750 3558 818 3607 Flor.
831 3560 862 3607 31
874 3558 963 3609 Camb.
977 3559 1047 3610 Mon.
1061 3559 1130 3608 Brix.
1146 3560 1185 3608 for
1193 3560 1339 3621 perscindit.

201 3643 248 3690 183
272 3643 361 3704 adficit
384 3641 471 3690 Bentl.
493 3641 532 3689 for
555 3643 655 3690 adlicit.
696 3643 791 3704 adtipit
815 3641 908 3690 Lamb.
931 3642 997 3704 conj.
1038 3644 1136 3691 adcidit
1160 3641 1250 3690 Heins.
1269 3641 1296 3690 in
1321 3655 1371 3691 ms.

167 3727 251 3772 notes.
352 3722 400 3770 184
413 3723 510 3770 lumina
521 3723 563 3771 Β.’
587 3724 679 3771 liuciae
689 3721 712 3769 A
723 3721 792 3771 Nicc.
806 3721 876 3771 Flor.
888 3723 919 3771 31
932 3721 1004 3771 three
1014 3721 1073 3773 Vat.
1183 3723 1229 3770 185
1241 3724 1293 3771 alte
1304 3721 1371 3774 Mar.

169 3804 226 3854 Ald.
240 3806 253 3852 1
266 3804 282 3853 J
283 3806 339 3854 unt.
355 3805 396 3853 lor
407 3806 464 3854 alti.
565 3805 612 3854 181
626 3805 674 3853 188
685 3805 799 3865 wrongly
809 3803 898 3864 placed
909 3804 943 3865 by
954 3804 1032 3853 Lech.
1044 3805 1111 3854 after
1123 3806 1169 3854 193
1180 3818 1214 3852 on
1226 3808 1335 3853 account
1347 3806 1376 3854 ol

168 3889 344 3938 theneuters:
362 3887 654 3939 see75913521v934.
780 3888 826 3938 187
837 3888 884 3935 Ne.
918 3888 970 3935 Nec
983 3887 1053 3935 Mon.
1064 3886 1143 3937 Lech.
1264 3887 1311 3936 188
1321 3889 1376 3937 sint

170 3971 234 4020 Mar.
249 3968 431 4018 Juntforaa.
466 3975 583 4018 extructa
598 3967 656 4016 Ald.
670 3969 684 4016 1
700 3968 774 4017 Junt.
790 3969 831 4017 for
844 3969 961 4018 extricta.
1072 3969 1118 4019 191
1135 3967 1376 4018 cumulatchorr.

169 4052 238 4103 Brix.
254 4052 313 4101 Ver.
326 4050 391 4100 Ven.
404 4050 469 4100 Mar.
483 4050 628 4099 torculata.
658 4051 749 4113 procul
759 4051 814 4099 ulta
825 4049 893 4098 Flor.
905 4051 936 4098 31
949 4049 1039 4098 (lamb.
1171 4051 1217 4098 192
1233 4065 1338 4111 arquere
1353 4052 1377 4100 A

170 4133 242 4183 Nice.
256 4133 386 4196 arpereB.
419 4147 524 4194 superne
535 4131 622 4180 Bentl.
636 4131 803 4194 forsuperac.
920 4129 1086 4180 toleadded
1097 4130 1132 4193 by
1142 4130 1212 4179 Nico.
1327 4133 1378 4182 205

171 4219 238 4266 color
250 4217 320 4266 Serv.
333 4215 461 4265 adeatur
472 4216 512 4273 33,
526 4214 589 4263 Mar.
604 4214 700 4265 Avanc.
716 4213 825 4276 Nauger.
862 4216 932 4263 calor
943 4213 987 4262 AB
999 4213 1067 4262 Nice.
1078 4213 1145 4264 Flor.
1159 4214 1188 4261 31
1201 4212 1290 4262 Oamb.
1300 4213 1375 4268 Junt.

171 4313 234 4348 mss.
246 4299 273 4348 of
288 4296 404 4347 Macrob.
416 4301 464 4347 sat.
480 4311 507 4345 v1
519 4297 534 4345 5
546 4297 573 4344 4:
590 4300 634 4358 yet
648 4299 716 4346 color
729 4299 800 4347 must
815 4296 846 4346 be
861 4296 942 4360 right:
960 4296 1004 4346 the
1018 4311 1080 4345 mss.
1093 4297 1120 4345 ol
1136 4294 1282 4346 Macrobius
1293 4311 1377 4347 some-

171 4381 248 4430 times
260 4393 334 4441 cgree
346 4379 478 4442 strangely
489 4379 552 4428 with
564 4379 639 4429 those
651 4379 680 4428 of
689 4378 765 4428 Luor.
778 4379 806 4427 in
818 4378 988 4441 corruptions.
1119 4378 1166 4427 208
1183 4379 1323 4428 Flammea
1341 4389 1379 4430 est
