3008 4800
5 4095 16 4149 1

152 261 216 327 234
746 245 775 306 V

151 422 217 487 974
238 405 295 470 sed
318 405 411 470 taciti
434 405 660 491 respectabant
681 427 856 490 somnoque
878 404 1008 490 sepulti,

152 509 217 590 976
238 509 317 572 dum
340 531 429 573 rosea
451 509 519 572 face
541 508 588 573 sol
609 508 741 573 inferret
764 509 889 573 lumina
910 484 1020 588 caeloi

238 633 259 674 a
280 613 386 697 parvis
408 612 494 697 quod
516 611 603 676 enirn
626 619 817 676 consuerant
840 634 969 677 eernere
991 635 1117 698 semper

239 716 364 780 alterno
386 716 537 781 tenebras
559 725 593 780 et
616 717 720 780 lucem
743 725 889 801 tempore
910 718 1010 804 gigni,

241 841 305 882 non
327 827 397 884 erat
419 827 457 883 ut
479 819 550 884 fieri
571 832 680 904 posset
702 819 847 884 mirarier
868 843 1023 906 umquam

240 945 301 989 nec
322 922 464 988 diffidere
487 945 528 988 ne
550 931 653 988 terras
674 931 807 987 aeterna
829 931 956 990 teneret

240 1047 305 1090 nox
327 1026 359 1089 in
383 1034 578 1111 perpetuum
600 1025 745 1090 detracto
767 1026 891 1091 lumine
913 995 1012 1119 solis(

241 1128 299 1192 sed
321 1128 425 1214 magis
447 1127 528 1192 illud
550 1135 620 1192 erat
642 1149 747 1203 curae,
768 1127 855 1213 quod
877 1131 981 1194 saecla
1003 1131 1142 1196 ferarum

242 1233 394 1297 infestam
416 1232 540 1296 miseris
563 1231 724 1296 faciebant
746 1253 841 1317 saepe
864 1218 1037 1323 quietem}

242 1335 403 1421 eiectique
425 1335 520 1399 domo
542 1334 710 1421 fugiebant
732 1356 830 1399 saxea
851 1343 939 1400 tecta

242 1437 419 1522 spumigeri
441 1437 507 1501 suis
529 1435 671 1501 adventu
694 1437 858 1522 validique
880 1437 981 1502 lconis

244 1552 343 1630 atque
365 1543 561 1628 intempesta
583 1541 740 1607 cedebant
761 1550 857 1607 nocte
878 1552 1035 1628 paventes
1082 1600 1084 1602 ,

246 1646 428 1732 hospitibus
449 1645 553 1710 saevis
575 1645 712 1709 instrata
734 1645 855 1710 cubilia
878 1623 1006 1734 fronde}

288 1750 358 1814 Nec
380 1750 480 1814 nimio
503 1758 575 1813 tum
597 1749 670 1834 plus
692 1771 790 1834 quam
812 1771 899 1814 nunc
922 1751 1069 1815 mortalia
1091 1752 1194 1817 saecla

246 1852 354 1918 dulcia
376 1852 567 1938 linquebant
589 1853 728 1918 labentis
750 1853 876 1918 lumina
897 1821 1004 1954 vitae(

246 1978 332 2021 unus
354 1956 440 2020 enirn
463 1964 536 2021 tum
558 1957 694 2042 quisque
717 1956 820 2044 magis
841 1956 1016 2043 deprensus
1037 1981 1147 2023 eorum

247 2059 367 2146 pabula
389 2060 464 2124 viva
485 2059 560 2124 feris
582 2059 766 2146 praebebat,
788 2059 942 2125 dentibus
964 2060 1108 2136 haustus,

249 2173 283 2228 et
305 2186 436 2228 nemora
457 2185 494 2228 ac
517 2163 636 2228 montis
657 2164 783 2250 gemitu
807 2164 967 2250 silvasque
989 2165 1134 2250 replebat

211 2269 323 2361 fviva
344 2269 457 2332 videns
479 2268 552 2332 vivo
575 2269 703 2353 sepeliri
725 2267 848 2333 viscera
868 2249 987 2345 bustal

249 2380 284 2436 at
308 2394 388 2457 quos
410 2372 567 2459 effugium
589 2379 732 2436 servarat
753 2393 883 2457 corpore
905 2371 1010 2448 adesa,

250 2475 410 2561 posterius
433 2475 586 2540 tremulas
610 2496 707 2559 super
729 2474 837 2539 ulcera
858 2482 965 2540 taetra
986 2484 1136 2541 tenentes

251 2579 374 2663 palmas
397 2577 558 2643 horriferis
580 2578 728 2642 accibant
750 2579 882 2643 vocibus
906 2579 1035 2656 Orcum,

251 2682 393 2766 donique
415 2704 469 2746 eos
492 2681 560 2746 vita
582 2680 747 2765 privarant
769 2682 914 2746 vermina
936 2704 1031 2746 saeva

252 2785 393 2871 expertis
415 2785 494 2871 opiS,
516 2784 644 2871 ignaros
667 2784 745 2869 quid
768 2784 897 2850 volnera
920 2755 1063 2879 vallanti

253 2898 287 2954 at
309 2913 374 2954 non
396 2890 501 2953 multa
523 2889 628 2952 virum
650 2889 711 2953 sub
733 2888 835 2975 signis
857 2888 948 2953 milia
969 2890 1067 2953 ducta

254 3017 319 3059 una
340 2994 409 3058 dics
432 2994 531 3058 dabat
553 2993 653 3058 exitio
676 3016 734 3057 nec
755 2992 888 3058 turbida
909 2994 1002 3079 ponti

254 3121 392 3184 aequora
415 3098 571 3183 fligebant
592 3097 683 3161 navis
705 3098 746 3162 ad
769 3120 847 3162 saxa
869 3044 1042 3194 virosque!

256 3202 308 3267 hic
331 3210 452 3267 temere
475 3202 636 3266 incassum
658 3203 777 3266 frustra
799 3224 887 3266 mare
910 3224 1006 3287 saepe
1028 3211 1171 3266 coortum

255 3306 400 3371 saevibat
422 3306 600 3392 leviterque
623 3307 726 3370 minas
747 3307 890 3391 ponebat
912 3306 1025 3383 inanis,

170 3581 256 3632 11111611
268 3580 364 3644 exploit
375 3582 402 3630 of
412 3581 503 3630 Priora
513 3579 671 3642 Vortigeru’s
682 3578 822 3641 grandaire.
942 3578 991 3630 976
1002 3592 1071 3627 rosea
1085 3577 1153 3626 Flor.
1166 3578 1197 3625 31
1209 3574 1279 3624 Brix.
1292 3575 1367 3626 Pont.
1429 3641 1432 3646 Ι

172 3665 237 3714 Mar.
249 3664 290 3713 for
299 3671 378 3713 rotea.
487 3663 535 3713 984
546 3664 681 3724 Eiectique
692 3662 759 3713 Flor.
773 3663 804 3710 31
817 3660 906 3712 0111111.
921 3665 969 3710 eto.
982 3660 1020 3710 for
1032 3663 1162 3722 Electique
1173 3660 1203 3719 B,
1218 3662 1253 3708 Et
1266 3661 1373 3722 lectique

171 3744 281 3794 ANicc.
379 3747 426 3795 985
443 3747 583 3808 validique.
617 3746 728 3793 validior
744 3744 837 3803 Lach.;
856 3744 903 3794 but
919 3758 1003 3805 comp.
1022 3745 1069 3795 987
1083 3744 1231 3806 Hospititus
1249 3743 1330 3791 saevis
1345 3740 1373 3790 in

172 3829 238 3891 plur.
339 3827 387 3878 939
400 3828 504 3875 labentis
517 3826 634 3874 Muretus
644 3825 733 3875 Lamb.
747 3825 827 3875 Lach.
842 3825 882 3874 for
898 3826 1020 3874 wawarie.
1129 3825 1177 3874 993
1188 3826 1245 3872 vivo
1257 3822 1324 3874 Flor.
1341 3823 1372 3871 31

173 3908 261 3960 Gamb.
276 3909 348 3959 Mon.
362 3912 410 3958 otc.
423 3909 463 3957 for
472 3911 541 3957 vino.
629 3908 676 3958 995
687 3910 773 3956 aloem
784 3907 853 3957 Flor.
865 3908 897 3956 31
908 3906 998 3956 camb.
1011 3907 1074 3956 Mar.
1091 3905 1129 3954 for
1140 3908 1243 3956 vicerat.
1276 3907 1374 3955 circem

173 3991 196 4040 A
206 4004 272 4040 corr.
283 3991 354 4040 Nico.
366 3990 424 4039 Ver.
437 3990 500 4039 Ven.
589 3991 636 4041 997
648 3990 764 4052 Denique
774 3989 809 4037 Is.
822 3988 896 4038 Voss.
908 3987 936 4036 in
948 4002 997 4037 ms.
1009 3989 1089 4048 notes,
1104 3987 1183 4039 Lech.
1198 3988 1237 4036 for
1248 3989 1371 4050 Denique.

174 4074 315 4136 Doaiqucm
331 4072 421 4120 Heius.
439 4071 466 4120 in
483 4085 532 4120 ms.
550 4074 632 4120 notes.
676 4072 760 4120 Donec
777 4071 844 4120 Mar.
862 4070 935 4121 Junt.
971 4072 1094 4119 Dorticum
1110 4068 1201 4118 Lamb.
1311 4069 1375 4118 1001

168 4156 295 4219 fliueboat
307 4154 387 4203 Lach.
398 4155 436 4202 for
449 4155 567 4204 lidebant.
600 4154 715 4202 tedetunt
725 4152 822 4201 Acorr.
834 4151 924 4202 Gamb.
938 4151 1008 4201 Mon.
1019 4151 1075 4200 Ver.
1086 4151 1150 4200 Ven.
1161 4152 1293 4200 laedebant
1304 4151 1373 4213 vulg.

175 4237 287 4286 lidebant
302 4250 365 4298 may
382 4236 412 4284 be
427 4236 496 4284 from
511 4235 599 4284 Luca:
623 4247 664 4283 seo
681 4237 755 4283 notes
772 4235 796 4282 2.
929 4234 993 4283 1002
1009 4235 1060 4281 Hic
1077 4231 1156 4281 Laoh.
1176 4232 1214 4280 for
1231 4233 1291 4280 Nec.
1326 4233 1377 4282 Sed

175 4318 264 4370 Lamb.
301 4317 357 4368 The
367 4322 421 4368 rest
432 4318 460 4367 of
470 4317 522 4367 thia
534 4332 604 4368 verae
615 4316 639 4366 is
650 4316 720 4379 quite
730 4316 885 4380 causelessly
896 4315 991 4366 altered
1002 4314 1036 4378 by
1047 4314 1112 4363 Mar.
1123 4315 1139 4362 J
1141 4317 1197 4363 unt.
1209 4313 1299 4364 Lanrh.

209 4401 272 4452 1003
285 4402 396 4465 ponebat
406 4402 469 4450 Mar.
485 4399 542 4450 Ald.
556 4401 570 4448 l
582 4400 598 4447 J
600 4403 655 4451 unt.
670 4400 709 4448 for
716 4400 828 4462 potebas.
858 4400 976 4462 poscebat
987 4398 1055 4446 Flor.
1069 4395 1201 4445 3101111111.
1311 4396 1377 4448 1006
