3008 4800
670 213 700 274 V

170 383 205 438 et
226 396 284 439 cur
305 383 392 438 terra
413 383 512 460 queat
536 374 647 438 lunam
670 375 809 460 spoliare
833 375 974 440 vicissim

171 476 293 540 lumine
315 485 350 540 et
372 497 561 560 oppressum
584 477 685 540 solem
708 499 807 562 super
829 479 901 563 ipsa
923 486 1043 554 tenere,

170 586 337 642 menstrua
357 577 437 641 dum
459 577 580 663 rigidas
602 579 676 642 coni
699 580 880 663 perlabitur
902 581 1049 660 umbras3

169 690 315 765 tempore
338 680 451 744 eodem
473 680 558 743 aliut
580 690 724 766 nequeat
746 704 931 748 succurrere
955 684 1050 748 lunae

170 805 284 868 corpus
307 782 357 846 vel
381 804 477 867 supra
499 784 574 847 solis
597 785 759 868 perlabier
780 786 900 864 orbem,

170 885 257 972 quod
278 885 383 951 radios
405 887 623 973 interrumpat
647 890 824 974 lumenque
847 892 1038 975 profusum?

172 1001 206 1056 et
228 999 339 1056 tamen
361 990 434 1076 ipsa
454 1013 513 1056 suo
536 992 564 1056 si
587 992 695 1078 fulget
717 993 796 1057 luna
818 994 933 1067 nitore,

170 1120 229 1162 cur
249 1106 391 1183 nequeat
413 1106 501 1162 certa
524 1099 639 1163 mundi
661 1099 871 1185 languescere
894 1109 996 1185 parte,

171 1200 251 1264 dum
274 1199 343 1264 loca
364 1199 544 1265 luminibus
566 1200 705 1286 propriis
728 1201 862 1266 inimica
883 1224 941 1287 per
963 1162 1075 1293 exitll

214 1302 309 1382 Quod
332 1311 486 1389 superest,
510 1303 665 1388 quoniam
688 1305 801 1390 magni
823 1327 882 1391 per
904 1307 1032 1370 caerula
1053 1307 1166 1371 mundi

170 1428 236 1492 qua
258 1406 327 1470 fieri
350 1405 504 1491 quicquid
526 1415 636 1492 posset
658 1407 786 1471 ratione
808 1408 934 1486 resolvi,

172 1511 247 1576 solis
268 1511 319 1575 uti
341 1509 445 1575 varios
468 1533 580 1575 cursus
602 1511 766 1596 lunaeque
788 1520 917 1576 meatus

170 1636 298 1679 noscere
320 1635 486 1700 possemus
509 1635 592 1699 quae
615 1614 665 1678 vis
688 1622 723 1678 et
746 1637 843 1679 causa
865 1616 975 1691 cieret,

173 1740 276 1805 quove
299 1717 394 1782 modo
412 1727 540 1803 possent
562 1717 679 1782 offecto
702 1718 827 1783 lumine
850 1719 939 1784 obire

172 1832 207 1887 et
229 1844 334 1908 neque
357 1821 521 1907 opinantis
543 1821 687 1886 tenebris
711 1821 881 1888 obducere·
895 1831 1005 1900 terras,

173 1947 246 1989 cum
269 1925 362 2010 quasi
385 1925 536 1990 conivent
558 1933 593 1989 et
615 1933 730 2009 aperto
753 1925 877 1989 lumine
900 1948 1027 1990 rursum

173 2028 281 2093 omnia
302 2027 473 2092 convisunt
495 2028 581 2092 clara
603 2027 674 2092 loca
695 2027 834 2092 candida
856 2029 937 2106 luce,

173 2152 259 2195 nunc
280 2130 376 2194 redeo
398 2128 440 2194 ad
462 2128 577 2193 mundi
600 2131 785 2195 novitatemv
805 2140 840 2196 et
864 2131 973 2195 mollia
995 2140 1099 2196 terrae

172 2258 257 2312 arva,
280 2257 362 2299 novo
385 2234 454 2299 fetu
476 2234 556 2319 quid
579 2234 723 2320 primum
746 2235 782 2299 in
803 2235 937 2327 luminis
960 2257 1029 2300 oras

172 2338 285 2403 tollere
307 2345 342 2403 et
364 2337 496 2402 incertis
519 2339 639 2402 crerint
662 2339 867 2404 committere
890 2339 1004 2404 ventis

216 2441 377 2526 Principio
398 2451 502 2528 ge'nus
525 2442 701 2506 herbarum
724 2441 927 2527 viridemque
949 2441 1086 2506 nitorem

172 2557 259 2612 terra
280 2545 372 2610 dedit
394 2546 515 2610 circum
538 2544 629 2610 collis
652 2567 848 2632 camposque
870 2568 929 2631 per
951 2545 1064 2621 omnis,

173 2649 285 2713 florida
307 2647 468 2713 fulserunt
490 2648 646 2713 viridanti
669 2657 765 2733 prata
787 2648 900 2724 colore,

173 2752 405 2837 arboribusque
426 2752 574 2815 datumst
596 2750 695 2815 variis
718 2750 836 2815 exinde
859 2773 918 2837 per
938 2772 1034 2814 auras

173 2856 336 2922 crescendi
358 2878 513 2942 magnum
536 2855 679 2920 inmissis
702 2865 868 2920 certamen
892 2829 1049 2960 habenis?

174 2969 213 3025 ut
234 2959 346 3045 pluma
367 2968 467 3044 atque
489 2958 549 3045 pili
571 2959 715 3044 primum
737 2966 913 3043 saetaeque
936 2965 1087 3021 creantur

174 3062 410 3149 quadripedum
433 3062 586 3127 membris
608 3071 643 3126 et
666 3083 797 3147 corpore
820 3061 1100 3146 pennipotentum,

174 3169 220 3232 sic
242 3189 325 3232 nova
347 3176 419 3230 tum
442 3167 540 3231 tellus
563 3166 680 3230 herbas
703 3165 912 3252 virgultaque
934 3166 1075 3250 primum

175 3271 317 3348 sustulit,
339 3271 416 3335 inde
438 3270 500 3335 loci
522 3270 672 3334 mortalia
694 3270 800 3334 saecla
822 3270 944 3334 creavit

175 3376 281 3440 multa
302 3375 405 3439 modis
428 3375 541 3438 multis
564 3373 655 3437 varia
676 3375 803 3438 ratione
826 3345 957 3443 coortal

176 3501 250 3543 nam
275 3500 379 3564 neque
402 3478 443 3541 de
466 3477 553 3541 caelo
576 3477 731 3542 cecidisse
754 3476 909 3540 animalia
930 3484 1064 3560 possunt

72 3577 75 3583 ’
176 3604 235 3646 nec
258 3582 424 3647 terrestria
445 3581 486 3645 de
508 3581 600 3645 salsis
624 3579 728 3644 exisse
752 3557 896 3679 lacunisl

177 3685 336 3771 linquitur
358 3693 397 3748 ut
420 3684 535 3748 merito
559 3691 744 3746 maternum
768 3704 887 3753 nomen
910 3682 1029 3766 adepta

176 3797 262 3853 terra
283 3788 335 3863 sit,
359 3810 376 3851 e
399 3796 485 3851 terra
507 3786 661 3870 quoniam
684 3793 763 3848 sunt
785 3793 905 3848 cuncta
927 3761 1067 3881 creata}

176 3893 345 3977 multaque
367 3915 454 3955 nunc
476 3891 576 3954 etiam
600 3891 749 3954 existunt
772 3889 928 3953 animalia
950 3875 1044 3952 terris

125 4123 172 4175 768
178 4124 271 4185 sulcet.
300 4119 482 4182 sulpitLamb.
497 4117 576 4168 Lach.
716 4116 856 4169 771ε764.
995 4119 1042 4168 776
1054 4125 1153 4180 possent
1169 4117 1251 4168 added
1267 4118 1301 4182 by

92 4205 162 4256 Brix.
196 4206 293 4254 roboot
308 4204 365 4264 (not
380 4203 492 4262 vastarit)
508 4199 577 4249 Flor.
593 4201 624 4247 31
642 4198 731 4250 (lamb.
748 4199 813 4248 Mar.
828 4199 885 4250 Ald.
901 4201 915 4246 1
928 4199 1000 4250 Junt.
1015 4199 1123 4260 Nauger.
1138 4199 1228 4252 Lamb.
1244 4200 1296 4252 Gir.

95 4287 275 4338 OreechWak.
383 4286 431 4336 782
442 4285 538 4332 Tollere
550 4290 575 4331 et
586 4282 665 4331 Pont.
678 4281 745 4331 Mar.
754 4282 923 4332 Alleunt.
939 4281 978 4330 lor
989 4283 1101 4332 Tolleret.
1138 4285 1301 4334 creriutcour·

92 4373 187 4421 rrdttcrc
203 4368 282 4420 Orelli
296 4367 342 4417 eol.
356 4368 424 4430 poet.
437 4366 505 4422 Lat,
517 4363 622 4425 Madvig
637 4364 666 4412 in
682 4363 847 4413 Henrichsen
864 4363 895 4414 de
911 4364 973 4424 frag.
986 4363 1057 4412 Gott.
1073 4377 1098 4425 p.
1112 4363 1151 4424 36,
1169 4364 1248 4417 Lacln
1266 4365 1301 4413 all

1110 4450 1216 4510 15-2
