3008 4800
716 228 752 291 II
1298 243 1339 312 95

215 405 336 469 scilicet
358 423 427 465 esse
450 400 583 486 globosa
606 410 728 475 tamen,
751 421 824 463 cum
850 399 998 484 squalida
1019 409 1179 477 constent,

216 503 357 590 provolvi
380 502 477 566 simul
501 510 539 564 ut
562 501 689 586 possint
712 511 746 565 et
770 500 896 565 laedere
920 524 1039 566 sensus.
1278 520 1342 584 470

216 615 250 670 et
272 626 335 689 qno
363 604 466 667 mixta
488 613 584 687 putes
608 603 712 687 magis
735 625 848 687 aspera
872 603 997 667 levibus
1021 625 1089 668 esse

217 709 390 794 principiis,
414 707 501 771 unde
524 715 574 771 est
598 707 749 791 Neptuni
772 729 888 791 corpus
911 707 1072 783 acerbum,

217 821 267 876 est
289 812 372 875 ratio
395 811 601 890 secernendi3
631 832 841 895 seorsumque
865 811 996 874 videndi

218 938 309 980 umor
331 915 443 992 dulcis,
465 916 523 980 ubi
546 936 604 999 per
626 923 729 978 terras
752 912 897 978 crebrius
915 914 1007 978 idem

218 1021 408 1106 percolatur,
431 1019 527 1084 utin
551 1020 677 1082 foveam
701 1017 783 1081 fluat
807 1039 844 1082 ac
868 1027 1090 1096 mansuescat3

218 1124 337 1208 linquit
359 1124 447 1187 enim
469 1144 586 1207 supera
610 1122 708 1186 taetri
731 1121 909 1206 primordia
931 1122 1001 1199 viri,

217 1249 331 1312 aspera
353 1247 450 1310 quom
474 1221 578 1310 magis
601 1224 636 1287 in
660 1224 756 1288 terris
780 1223 966 1289 haerescere
989 1225 1122 1310 possint.

263 1331 356 1411 Quod
378 1321 539 1415 quoniam
554 1328 659 1404 docui,
682 1350 816 1413 pergam
839 1338 1006 1394 conectere
1029 1352 1098 1394 rem
1121 1353 1204 1415 quae

219 1459 259 1500 ex
282 1436 341 1500 hoc
363 1444 441 1520 apta
463 1434 561 1499 fidem
585 1434 694 1508 ducat,
716 1433 894 1518 primordia
916 1456 1024 1498 rerum

219 1539 314 1601 finita
337 1538 459 1602 variare
483 1537 662 1624 figurarum
685 1517 835 1629 rational
1280 1539 1345 1617 48ο

220 1642 305 1727 quod
328 1642 355 1705 si
379 1663 443 1704 non
466 1640 513 1704 ita
536 1639 588 1716 sit,
612 1661 741 1703 rursum
764 1639 829 1701 iam
853 1638 979 1702 semina
1000 1637 1161 1723 quaedam

221 1768 289 1811 esso
311 1745 440 1809 infinito
461 1743 630 1808 debebunt
653 1743 794 1828 corporis
816 1716 943 1858 auctul

220 1872 360 1934 namque
383 1850 418 1912 in
441 1848 564 1925 eodem,
586 1870 654 1912 una
676 1847 821 1912 cuiusvis
843 1846 878 1910 in
901 1847 1063 1912 brevitate

221 1953 359 2038 corporis
381 1952 468 2015 inter
490 1974 525 2016 ee
548 1950 691 2015 multum
715 1950 839 2014 variare
862 1950 985 2037 figurae

220 2077 283 2118 non
307 2063 459 2140 possunt:
490 2055 539 2118 fac
562 2054 650 2118 enim
675 2053 821 2118 minimis
843 2076 861 2118 e
885 2053 1032 2138 partibus
1055 2076 1125 2119 esse
1280 2057 1342 2136 485

222 2180 351 2243 corpora
374 2159 478 2243 prima
501 2157 616 2232 tribue,
641 2157 692 2222 vel
715 2158 813 2243 paulo
835 2159 984 2242 pluribus
1006 2173 1108 2245 auge3

221 2284 338 2346 nempe
361 2262 418 2325 ubi
441 2284 495 2327 eas
517 2262 620 2347 partis
645 2262 743 2326 unius
766 2262 906 2346 corporis
928 2263 1042 2339 omnis,

162 2430 163 2433 ,
222 2386 348 2428 summa
370 2372 471 2449 atque
493 2365 560 2428 ima
583 2365 700 2440 locare,
723 2373 946 2428 transmutans
967 2365 1102 2429 dextera
1124 2365 1231 2441 laevis,

223 2467 414 2531 omnimodis
437 2476 592 2553 expertus
614 2468 685 2544 eris,
710 2489 809 2552 quam
832 2468 970 2552 quisque
993 2469 1050 2533 det
1072 2469 1149 2533 ordo
1399 2539 1401 2543 ,

222 2569 335 2633 formai
356 2570 497 2655 speciem
521 2569 623 2634 totius
645 2571 787 2656 corporis
809 2570 888 2645 eiua,
1282 2592 1346 2654 490

224 2674 309 2758 quod
331 2678 487 2759 superest,
510 2674 538 2738 si
561 2675 643 2740 forte
667 2675 755 2739 voles
778 2674 902 2739 variare
926 2675 1054 2762 figurae,

223 2777 406 2841 addendum
430 2777 532 2862 partis
554 2778 634 2842 alias
657 2779 729 2854 erit,
753 2778 829 2842 inde
852 2786 1015 2863 sequetur,

137 3074 254 3125 followed
271 3074 303 3137 by
320 3075 356 3124 all
372 3074 427 3124 eds.
444 3075 530 3126 before
546 3075 627 3126 Lech.
646 3075 747 3139 though
763 3076 808 3126 the
822 3080 905 3126 metre
920 3076 943 3126 ie
959 3076 1066 3140 thereby
1080 3075 1198 3126 violated.
1300 3076 1346 3127 467

136 3159 209 3206 Este
227 3158 321 3206 nvibus
340 3165 416 3220 atque
435 3159 541 3207 rutundi
561 3159 679 3207 admixta
699 3161 793 3208 dowrie
813 3161 925 3222 Corpora
942 3175 1018 3209 mea:
1042 3175 1114 3210 some
1131 3161 1158 3210 ol
1179 3160 1251 3209 these
1267 3159 1348 3208 words

137 3240 159 3288 it
171 3238 193 3287 ie
204 3237 276 3300 plain
288 3237 354 3288 have
365 3253 438 3288 come
453 3241 520 3289 lrom
531 3239 580 3289 466
596 3239 650 3289 and
668 3239 825 3303 supplanted
840 3240 885 3291 the
897 3242 980 3291 warde
996 3241 1025 3291 oi
1038 3242 1115 3293 Lacr.
1151 3244 1207 3300 Eat,
1220 3249 1244 3291 et
1260 3241 1349 3290 levibu’

136 3321 195 3371 eunt
211 3323 315 3371 aliunde
332 3326 380 3371 etc.
398 3322 490 3371 Lech:
508 3321 556 3371 but
571 3322 606 3371 he
622 3323 686 3373 adde
703 3331 877 3386 ‘quamquam
895 3325 932 3375 eie
949 3339 1051 3387 quoque
1067 3323 1232 3375 mirationem
1249 3325 1350 3375 faciunt

138 3403 183 3451 illc
198 3404 290 3451 domnis
308 3405 427 3466 Corpora,
443 3417 509 3464 quae
524 3407 587 3452 sunt
603 3405 749 3466 pungentia
766 3420 858 3455 sensus
874 3409 901 3455 et
917 3406 1077 3456 laedentia’:
1095 3406 1166 3468 quite
1182 3409 1253 3456 true:
1271 3407 1347 3456 Bem.

138 3483 213 3534 reads
224 3487 271 3534 Eat
286 3493 311 3534 et
325 3487 445 3547 squalida
459 3493 517 3534 eunt
533 3486 589 3534 illis
605 3490 665 3547 eta,
680 3486 733 3535 and
748 3489 870 3549 squalida
884 3487 977 3538 indeed
992 3503 1075 3540 seems
1091 3503 1239 3551 necessary:
1258 3489 1270 3536 Ι
1285 3488 1351 3538 have

139 3567 265 3618 therefore
281 3568 383 3616 written
400 3570 457 3629 Est,
477 3577 501 3617 et
517 3570 638 3631 spendida
656 3571 737 3618 multa
757 3577 844 3619 creant
865 3572 982 3620 admixta
1001 3573 1095 3622 ἀοὶοήε
1114 3573 1238 3634 Corpora:
1256 3571 1351 3621 dolante

138 3647 214 3709 being
230 3648 259 3697 of
273 3661 362 3696 course
379 3647 424 3697 the
441 3663 526 3698 accus.
544 3648 612 3711 plur.
715 3650 764 3699 468
781 3659 930 3700 necessumst
947 3650 1027 3700 Lech.
1046 3652 1085 3701 ior
1101 3667 1209 3701 necessu.
1303 3653 1350 3703 469

140 3737 250 3778 comtent
267 3729 310 3778 old
329 3728 381 3780 eds.
402 3729 442 3778 for
458 3737 561 3779 constet.
662 3732 711 3782 471
728 3734 766 3780 Et
784 3747 833 3794 quo
850 3731 928 3782 Pont.
947 3733 1011 3782 Mar.
1029 3733 1102 3783 June.
1124 3732 1164 3782 ior
1180 3736 1216 3782 Et
1232 3735 1305 3796 quod.

173 3810 312 3859 471-477ε
330 3807 364 3868 by
381 3822 396 3855 a
412 3808 496 3857 better
512 3810 686 3872 punctuation
705 3811 757 3860 and
775 3812 808 3874 by
825 3812 950 3876 doubling
966 3828 1015 3862 one
1032 3813 1107 3862 letter
1123 3813 1137 3861 I
1155 3812 1221 3863 have
1238 3813 1351 3864 rectified

141 3892 194 3942 this
211 3907 316 3954 passage
325 3911 332 3952 ;
350 3893 398 3943 473
416 3893 428 3940 Ι
446 3892 511 3942 have
528 3893 618 3955 placed
636 3909 652 3944 a
670 3899 728 3956 stop
745 3897 812 3945 after
826 3899 978 3953 secernendi,
995 3896 1046 3945 and
1061 3895 1181 3946 removed
1196 3895 1253 3945 that
1268 3895 1351 3945 which

141 3975 176 4024 all
198 3976 293 4025 former
314 3975 410 4025 editors
432 3976 498 4027 have
519 3981 567 4040 put
590 3979 658 4028 aiter
681 3981 795 4037 videndi,
819 3980 872 4029 and
895 3982 944 4031 477
966 3979 1032 4029 have
1054 3973 1157 4029 written
1180 3995 1252 4041 quom
1273 3982 1351 4041 napis

142 4059 181 4108 lor
203 4075 250 4121 quo
272 4062 359 4121 nupta
393 4059 473 4110 Lach.
498 4063 559 4122 puts
582 4060 630 4111 476
652 4062 740 4112 before
764 4065 813 4112 474
836 4063 890 4113 and
914 4063 977 4113 then
1000 4063 1083 4112 leaves
1105 4077 1121 4112 a
1144 4065 1213 4111 most
1235 4062 1352 4111 involved

142 4145 268 4192 sentence.
424 4144 471 4192 474
489 4145 579 4194 dulcia.
617 4146 699 4194 dulcit
717 4145 770 4194 Gil.
789 4149 836 4194 not
853 4145 959 4195 Lamh:
976 4144 1068 4197 Lamb.
1089 4145 1166 4207 keeps
1182 4147 1263 4195 duleis
1279 4146 1317 4196 ed.
1339 4147 1351 4193 1

142 4223 195 4272 and
212 4225 241 4272 2:
258 4222 291 4272 he
307 4223 464 4285 conjectures
481 4227 581 4274 acerbae
599 4225 653 4274 und
671 4225 747 4275 reads
769 4229 852 4277 dulcet
869 4227 910 4277 ed.
928 4230 953 4277 3.
1051 4228 1099 4278 477
1112 4228 1219 4290 possint.
1251 4236 1353 4289 poeeurtt

143 4307 207 4356 Mar.
219 4305 293 4354 Junt.
304 4305 395 4354 Lamb.
407 4306 491 4368 vulgo.
567 4309 616 4357 483
628 4312 657 4358 in
668 4311 759 4370 eodem,
776 4325 828 4358 una
840 4309 889 4357 Ed.
904 4309 943 4358 for
954 4311 983 4357 in
994 4309 1080 4358 eadem
1089 4322 1150 4357 una.
1184 4309 1353 4357 eadernunius
1410 4319 1413 4324 ’

143 4387 221 4437 Lech.
320 4389 368 4436 488
385 4395 554 4438 transmutans
571 4389 593 4438 B
610 4404 676 4440 corr.
695 4391 735 4439 lor
756 4400 918 4441 transmutas.
1018 4392 1066 4442 497
1083 4393 1178 4441 semina
1194 4391 1216 4439 A
1233 4405 1297 4440 corr.
1315 4391 1354 4440 lor
