3008 4800
740 199 776 263 II

262 370 295 426 et
318 363 411 446 quasi
434 363 498 425 iam
522 362 581 426 leti
603 362 825 426 dominantem
848 361 882 425 in
905 383 1034 447 corpore
1057 370 1182 427 motum

262 465 423 532 discutere
445 489 483 530 ac
507 488 609 552 paene
632 466 767 530 amissos
789 466 963 531 accendere
985 441 1125 558 sensus(

263 591 338 632 nam
361 592 425 654 qua
447 592 482 633 re
505 569 615 655 potius
639 570 697 632 leti
719 568 785 633 iam
808 569 919 632 limine
941 569 983 632 ab
1005 568 1074 654 ipso
1321 571 1390 649 960

262 671 303 736 ad
327 673 428 737 vitam
452 674 553 759 possit
575 673 720 737 conlecta
742 682 852 737 mente
875 673 1003 748 reverti,

264 797 362 861 quam
385 798 449 861 quo
472 775 644 840 decursum
666 796 765 860 prope
789 775 854 839 iam
876 775 940 839 siet
962 775 1008 839 ire
1031 783 1065 840 et
1086 775 1176 839 abire
1190 711 1223 858 ii

307 879 479 943 Praeterea
502 878 655 964 quoniam
678 878 767 942 dolor
790 886 840 942 est
863 877 921 941 ubi
942 878 1092 942 materiai

263 1003 394 1066 corpora
416 981 449 1045 vi
471 981 612 1066 quadam
634 1001 693 1065 per
715 980 836 1044 viscera
858 979 932 1043 viva
954 1001 1012 1065 per
1033 989 1124 1046 artus

263 1084 438 1148 sollicitata
460 1084 527 1148 suis
550 1083 715 1169 trepidant
737 1083 772 1145 in
795 1082 927 1147 sedibus
948 1083 1048 1162 intus,
1319 1085 1384 1167 965

262 1187 361 1272 inque
385 1187 492 1250 locum
515 1186 643 1271 quando
665 1185 851 1272 remigrant,
874 1186 913 1250 fit
934 1186 1055 1252 blanda
1077 1188 1234 1274 voluptas,

236 1274 238 1278 ⁸
265 1290 344 1355 scire
367 1291 444 1354 licet
467 1290 557 1353 nullo
579 1287 754 1374 primordia
776 1310 868 1373 posse
890 1288 998 1355 dolore

264 1393 419 1478 temptari
441 1393 630 1477 nullamque
652 1393 855 1477 voluptatem
877 1414 991 1477 capere
1013 1416 1053 1459 ex
1075 1415 1128 1473 se3

262 1496 523 1583 quandoquidem
546 1519 610 1560 non
632 1507 709 1560 sunt
730 1518 771 1570 ex
794 1495 869 1560 ullis
891 1495 1121 1582 principiorum

263 1599 455 1684 corporibus,
477 1621 614 1684 quorum
638 1586 746 1664 motus
767 1599 914 1664 novitate
936 1600 1083 1666 laborent
1318 1618 1388 1684 970

185 1731 192 1791 s
262 1713 320 1768 aut
342 1704 484 1789 aliquem
507 1703 649 1768 fructum
671 1703 802 1788 capiant
824 1703 1004 1770 dulcedinis
1025 1706 1139 1783 almae,

267 1807 349 1871 haut
370 1806 474 1892 igitur
495 1804 617 1870 debent
639 1827 708 1871 esse
731 1806 797 1870 ullo
818 1806 968 1894 praedita
988 1785 1107 1919 sensui

309 1909 461 1995 Denique
484 1909 535 1973 uti
557 1909 683 1994 possint
704 1909 825 1974 sentire
847 1909 1002 1975 animalia
1023 1932 1180 1998 quaeque,

264 2013 432 2100 principiis
454 2013 482 2077 si
505 2013 569 2076 iam
591 2020 643 2077 est
665 2033 777 2077 sensus
799 2013 993 2078 tribuendus
1015 2037 1135 2091 eorum,

264 2116 353 2202 quid,
375 2138 480 2203 genus
503 2115 683 2179 humanum
705 2115 876 2200 propritim
898 2116 940 2181 de
963 2115 1076 2203 quibu'
1098 2070 1294 2212 factumstll
1322 2134 1387 2201 975

184 2288 187 2293 ⁴
265 2219 387 2285 scilicet
410 2228 445 2284 et
467 2219 535 2283 risu
557 2219 697 2283 tremulo
720 2240 873 2283 concussa
894 2219 1090 2285 cachinnant

265 2332 299 2388 et
322 2322 462 2387 lacrimis
484 2328 642 2407 spargunt
664 2320 848 2385 rorantibus
870 2342 926 2386 ora
947 2343 1114 2407 genasque

265 2427 432 2511 multaque
454 2424 495 2490 de
517 2446 626 2489 rerum
649 2423 791 2488 mixtura
813 2423 920 2489 dicere
941 2424 1061 2490 callent

264 2538 298 2594 et
320 2529 383 2593 sibi
405 2551 556 2615 proporro
578 2550 663 2614 quae
685 2528 752 2593 sint
775 2527 950 2613 primordia
972 2537 1155 2614 quaerunt3

265 2632 527 2719 quandoquidem
549 2631 628 2697 totis
651 2631 843 2697 mortalibus
865 2630 1061 2696 adsimulata
1099 2672 1101 2679 ·
1322 2637 1393 2716 980

179 2875 273 2924 cavius.
339 2874 422 2921 eiecit.
456 2873 517 2920 eicit
527 2869 596 2919 Nico.
611 2870 681 2919 Flor.
693 2871 724 2919 31
736 2870 824 2920 Gamb.
923 2871 972 2923 954
983 2873 1066 2921 oblato
1078 2870 1122 2921 old
1133 2869 1186 2920 eds.
1198 2870 1239 2919 ior
1249 2871 1345 2922 oblate.

211 2955 259 3006 961
271 2955 382 3003 conlecta
393 2950 485 3001 Lamb.
501 2951 557 3001 first
574 2951 614 3000 ior
628 2952 741 3001 amiects
752 2950 835 3000 which
847 2950 921 3001 Wak.
932 2950 1055 3014 absurdly
1067 2951 1173 3002 retains.
1213 2955 1297 3014 poerit
1307 2952 1392 3004 Lech.

180 3037 220 3086 scr
233 3037 346 3098 possint:
363 3048 393 3083 as
404 3033 448 3082 the
465 3031 525 3082 verb
540 3036 637 3081 cannot
653 3033 718 3082 refer
733 3036 760 3081 to
770 3047 856 3082 remus
868 3048 897 3082 or
908 3033 1036 3096 anything
1047 3033 1095 3083 but
1107 3035 1222 3095 quamvis
1233 3035 1391 3085 animantem

181 3119 210 3168 in
221 3119 278 3170 944.
360 3156 362 3158 v
377 3116 425 3166 963
437 3116 581 3164 Praeterea.
622 3113 846 3176 propterealach.
861 3114 1019 3177 perversely:
1036 3118 1164 3164 sesnotes
1175 3115 1203 3163 2:
1220 3128 1392 3179 aucupata·

178 3198 260 3263 graph
276 3197 364 3260 begins
380 3196 448 3246 here.
583 3197 631 3247 975
648 3196 678 3244 de
696 3196 782 3257 quibu’
794 3197 919 3257 fortunat
934 3195 1025 3247 Iamb.
1045 3196 1086 3247 for
1103 3197 1236 3260 dequibus
1252 3205 1392 3260 amicast,

179 3280 232 3331 and
242 3280 291 3331 986
301 3295 351 3329 uon
367 3294 398 3328 ec
409 3277 546 3327 n'deutitu’
558 3277 646 3339 sactus
664 3277 704 3326 ior
720 3292 770 3326 aon
786 3292 817 3327 ec
833 3279 975 3327 ridentibus
991 3285 1090 3328 auctus.
1123 3277 1223 3328 Nonius
1233 3292 1260 3342 p.
1272 3279 1323 3328 511
1339 3278 1392 3331 has

179 3364 209 3412 de
226 3363 317 3426 quibam
333 3368 412 3410 actm.
448 3358 540 3408 hamb.
557 3358 596 3408 ed.
617 3360 632 3407 3
649 3357 713 3408 adds
730 3362 799 3408 most
816 3359 887 3422 truly
904 3359 1033 3409 ‘Primum
1050 3358 1144 3410 Latine
1161 3359 1212 3410 dici
1228 3373 1284 3409 non
1301 3365 1392 3424 potest

179 3453 266 3494 accurs
278 3445 446 3493 dereautea
461 3443 598 3503 rectique,
612 3439 657 3490 sed
672 3449 761 3490 auctus
771 3456 798 3490 re
809 3443 900 3504 eliqua
912 3441 1047 3505 [speaking
1057 3441 1087 3492 of
1101 3455 1191 3492 course
1201 3441 1229 3492 ol
1244 3440 1291 3492 the
1302 3445 1392 3494 atoms

180 3526 208 3576 oi
223 3524 307 3574 which
324 3539 340 3574 a
356 3522 433 3586 thing
449 3522 473 3572 is
489 3521 581 3573 made:
605 3537 621 3570 v
638 3523 686 3570 322
704 3524 872 3585 quodcumque
889 3525 957 3572 alias
973 3538 1005 3573 ec
1020 3537 1047 3573 sa
1063 3538 1102 3573 rea
1119 3530 1194 3585 anget
1210 3523 1320 3586 alitque,
1337 3524 1394 3576 and

179 3607 224 3657 the
235 3607 286 3656 like
295 3606 361 3656 have
372 3604 483 3666 nothing
494 3608 522 3654 to
533 3603 566 3653 do
578 3604 642 3653 with
653 3603 698 3653 the
713 3604 853 3667 question}
889 3620 953 3655 nam
969 3615 1059 3655 auctus
1074 3619 1165 3656 casum
1176 3604 1319 3668 septimum
1331 3605 1392 3658 dne

178 3688 367 3753 praepositione
383 3687 507 3750 postulat.
540 3685 633 3735 deinde
650 3684 721 3734 aliud
738 3689 777 3735 est
794 3695 882 3735 auctus
899 3702 926 3737 re
943 3688 1042 3750 aliqua,
1060 3687 1133 3737 aliud
1144 3688 1233 3750 sactus
1249 3687 1281 3736 de
1297 3702 1326 3738 re
1343 3692 1392 3739 ant
1446 3681 1448 3740 f

179 3787 210 3820 ea
223 3786 250 3820 re
265 3773 363 3834 aliquo.
397 3768 447 3818 hoc
463 3767 507 3829 qui
523 3767 613 3823 nescit,
626 3767 739 3816 fateatur
750 3781 778 3816 se
790 3766 922 3830 hospitem
932 3782 987 3818 esse
998 3767 1027 3817 in
1042 3767 1132 3830 lingua
1142 3766 1265 3818 Latina’:
1283 3766 1340 3818 this
1355 3767 1391 3820 hs

179 3853 311 3904 doubtless
327 3850 449 3901 intended
467 3852 506 3900 lor
524 3849 654 3899 Gitanius.
688 3849 762 3899 Wak.
780 3865 850 3899 more
869 3850 974 3900 iearless
994 3851 1059 3901 than
1082 3851 1126 3901 the
1148 3850 1238 3913 angela
1260 3849 1341 3914 keeps
1364 3853 1394 3902 of
1442 3840 1446 3846 ’

179 3950 268 3985 course
290 3943 390 3984 auctum
409 3933 462 3984 and
479 3933 540 3982 thus
556 3935 710 3993 commenta,
733 3931 859 3982 ‘editores
876 3942 964 3997 aptum
979 3937 1060 3998 [most
1078 3935 1191 3998 swtum]
1206 3933 1265 3984 ansi
1282 3933 1391 3994 scilicet,

179 4018 252 4067 libris
273 4016 393 4067 omnibus
415 4015 565 4078 religionem
586 4015 769 4064 invocantibus
791 4021 882 4066 contra
899 4018 1023 4080 profanos
1039 4017 1227 4078 emendatores,
1245 4015 1392 4069 dictionem

180 4098 298 4149 Lucretio
318 4096 498 4148 lubentissime
515 4096 707 4158 frequentatam
724 4101 847 4147 contextu
867 4113 992 4157 emovere,
1009 4104 1036 4150 et
1054 4101 1123 4150 fetus
1139 4098 1258 4163 proprios
1279 4114 1326 4162 per
1345 4115 1391 4151 au-

180 4180 282 4230 dantem
304 4179 494 4229 odiosissimam
516 4181 593 4239 atque
616 4178 816 4240 perditissimam
839 4180 967 4231 infercire.
1001 4184 1031 4234 ὡς
1055 4185 1176 4245 ἀργαλέον
1198 4179 1293 4246 ὲρᾶγί
1315 4187 1393 4243 ἐστίν,

180 4263 199 4312 ὦ
217 4266 262 4313 Ζεῦ
279 4266 318 4312 καὶ
336 4265 385 4312 decl
394 4262 408 4312 ¹.
445 4260 526 4322 Truly
542 4262 625 4310 delira
644 4263 704 4310 baec
716 4263 867 4324 furiosaque
883 4266 1007 4313 cauimus
1024 4279 1075 4314 esse
1091 4266 1128 4313 Et
1144 4264 1227 4314 sidae
1240 4271 1326 4327 potest
1342 4281 1395 4317 noa

180 4362 211 4396 ex
226 4345 361 4395 ridentibu’
375 4347 470 4407 fuctus.
610 4342 657 4394 976
674 4344 718 4392 AB
734 4343 800 4393 have
817 4344 879 4395 bere
896 4349 1045 4397 cactnaoot:
1064 4346 1118 4397 and
1134 4361 1163 4396 so
1179 4344 1294 4410 perhaps
1312 4346 1392 4400 Lucr.
