3008 4800
176 207 236 270 118
760 205 797 269 II

280 367 390 430 omnia
410 366 565 452 perduxit
588 388 694 430 rerum
717 374 834 430 natura
856 367 1011 446 creatri113

283 478 322 533 ut
344 469 383 534 fit
406 470 463 534 ubi
485 470 552 533 nilo
575 469 640 532 iam
663 468 736 552 plus
759 478 809 532 est
830 469 917 553 quod
937 468 1035 533 datur
1055 470 1143 534 intra

286 574 396 638 vitalis
419 597 516 639 venas
538 596 636 660 quam
659 572 744 658 quod
767 572 840 636 fluit
861 573 967 657 adque
989 574 1116 638 recedit.

284 678 434 742 omnibus
458 678 511 741 hic
533 679 623 741 aetas
645 677 743 740 debet
765 676 939 740 consistere
961 677 1065 752 rebus,

285 780 338 843 hic
360 790 479 844 natura
501 779 571 844 suis
593 780 734 866 refrenat
757 778 880 843 viribus
901 767 1051 887 auctuml

285 905 362 947 nam
385 903 610 969 quaecumque
633 881 722 945 vides
745 881 845 945 hilaro
867 882 1075 967 grandescere
1097 883 1238 947 adauctu

286 983 512 1069 paulatimque
533 983 653 1069 gradus
675 982 793 1058 aetatis¹
815 982 966 1048 scandere
987 986 1127 1062 adultae,

286 1087 382 1171 plura
403 1087 466 1151 sibi
488 1086 667 1150 adsumunt
689 1108 786 1170 quam
809 1086 850 1150 de
872 1108 906 1150 se
928 1109 1059 1173 corpora
1080 1089 1228 1178 mittunt,

287 1187 367 1251 dum
390 1188 484 1253 facile
507 1189 542 1252 in
565 1209 664 1252 venas
686 1189 776 1252 cibus
799 1188 903 1254 omnis
926 1190 1050 1255 inditur
1072 1200 1107 1255 et
1128 1191 1206 1256 dum
1302 1208 1361 1254 112
1367 1205 1382 1271 5

287 1314 353 1356 non
375 1292 424 1356 ita
445 1301 524 1356 sunt
547 1291 613 1356 late
635 1292 779 1377 dispessa
801 1301 839 1356 ut
861 1293 966 1357 multa
987 1293 1158 1359 remittant

289 1404 324 1460 et
345 1395 420 1482 plus
442 1396 592 1481 dispendi
615 1396 734 1461 faciant
756 1418 854 1482 quam
877 1397 1018 1462 vescitur
1038 1380 1152 1498 aetasl

287 1521 365 1563 nam
387 1507 475 1565 certe
497 1501 598 1564 fluere
620 1499 726 1584 adque
747 1499 895 1564 recedere
916 1522 1045 1585 corpora
1066 1502 1162 1566 rebus

291 1601 396 1666 multa
417 1625 534 1668 manus
556 1603 699 1667 dandum
722 1612 790 1682 est3
820 1603 877 1667 sed
899 1604 992 1688 plura
1013 1606 1162 1671 accedere
1184 1605 1314 1680 debent,

290 1705 393 1770 donec
415 1706 579 1771 alescendi
600 1727 764 1770 summum
787 1706 925 1792 tetigere
948 1689 1128 1802 cacumen}
1306 1724 1391 1790 1130

292 1809 369 1874 inde
392 1809 582 1874 minutatim
605 1809 689 1873 vire's
710 1817 745 1874 et
767 1809 865 1874 robur
886 1809 1034 1875 adultum

292 1912 415 2000 frangit
437 1921 472 1979 et
494 1913 529 1992 in
551 1921 678 1998 partem
700 1912 842 1998 peiorem
865 1912 1001 1998 liquitur
1021 1901 1141 2009 aetasl

293 2016 415 2103 quippe
438 2017 561 2082 etenim
583 2025 706 2103 quanto
727 2025 777 2081 est
800 2039 850 2081 res
872 2017 1015 2102 amplior,
1038 2019 1191 2105 augmine
1213 2018 1375 2104 adempt0,

294 2128 329 2184 et
350 2142 414 2205 quo
437 2119 535 2184 latior
556 2128 616 2196 est,
638 2121 672 2184 in
695 2128 828 2185 cunctas
851 2120 994 2205 undique
1017 2121 1118 2206 partis

294 2223 390 2308 plura
411 2224 507 2289 modo
530 2223 690 2310 dispargit
712 2232 746 2288 et
768 2222 810 2287 ab
832 2245 867 2288 se
890 2244 1020 2307 corpora
1041 2224 1155 2300 mittit,
1310 2239 1391 2305 1135
1496 2291 1499 2296 ,

294 2348 355 2392 neo
377 2327 471 2393 facile
493 2328 529 2391 in
552 2350 651 2393 venas
673 2328 765 2392 cibus
787 2327 892 2392 omnis
913 2326 1037 2391 diditur
1058 2327 1090 2391 ei

295 2451 355 2493 nec
377 2429 458 2494 satis
480 2436 540 2506 est,
561 2451 718 2514 proquam
742 2429 846 2515 largos
868 2438 1037 2493 exaestuat
1058 2438 1177 2507 aestus,
1234 2479 1236 2482 Α

296 2532 384 2596 unde
406 2540 507 2617 queat
530 2539 661 2596 tantum
683 2531 821 2596 suboriri
842 2553 879 2595 ac
901 2500 1141 2616 subpeditarel

192 2637 274 2716 1146
296 2634 405 2698 omnia
427 2634 527 2699 debet
549 2633 637 2699 enim
659 2634 750 2698 cibus
772 2633 934 2721 integrare
956 2635 1102 2699 novando

297 2748 332 2805 et
355 2739 467 2804 fulcire
491 2740 590 2817 cibus,
613 2740 698 2805 cilicas
719 2740 828 2804 omnia
849 2748 1040 2815 sustentare,
1312 2757 1396 2819 1140

297 2840 505 2927 nequiquam,
527 2841 681 2927 quoniam
703 2864 762 2906 nec
785 2864 886 2930 venae
908 2842 1135 2928 perpetiuntur

297 2942 385 3029 quod
407 2944 487 3008 satis
510 2952 560 3008 est
582 2966 688 3029 neque
710 2953 871 3029 quantum
894 2967 975 3030 opus
997 2953 1046 3010 est
1068 2952 1186 3009 natura
1209 2944 1380 3008 ministrat.

195 3066 276 3130 1139
299 3049 369 3112 iure
391 3048 495 3135 igitur
516 3056 665 3133 pereunt,
687 3070 760 3112 cum
783 3050 940 3113 rarefacta
962 3049 1091 3114 fluendo

191 3286 275 3336 where
286 3286 332 3335 the
343 3300 406 3335 mss.
416 3286 492 3335 make
496 3288 561 3349 fluis
574 3301 652 3337 masc.
729 3287 881 3351 perficcAB
894 3288 1002 3338 Nonius.
1032 3287 1316 3353 perficeAcorr.Nicc.

226 3370 289 3418 1120
307 3371 349 3419 hic
371 3368 421 3418 Ed.
445 3370 484 3418 for
505 3371 554 3427 tis,
571 3384 601 3419 as
623 3371 653 3419 in
677 3371 748 3421 1089.
800 3373 840 3420 tis
861 3373 933 3421 retus
955 3370 1015 3420 hera
1037 3371 1085 3421 has
1102 3386 1136 3421 nc
1154 3385 1224 3420 more
1241 3383 1315 3420 sense
1332 3369 1398 3419 than

193 3449 275 3498 there.
343 3451 406 3498 1122
418 3452 634 3502 hilar...cdcuctu
644 3452 697 3501 AB.
731 3453 812 3502 hilari
824 3454 921 3502 Arane.
955 3455 1036 3502 hilaro
1048 3468 1118 3502 mora
1128 3452 1225 3516 rightly
1235 3451 1327 3502 hamb.

227 3531 290 3580 1124
296 3548 405 3597 perporo
416 3534 487 3584 Nice.
499 3535 521 3582 B
531 3549 596 3584 corr.
609 3534 648 3583 lor
660 3550 726 3586 cora.
861 3535 924 3585 1126
936 3538 1046 3599 dispersa
1059 3536 1107 3586 Ed.
1119 3537 1159 3585 lor
1170 3538 1296 3600 dispersa:
1313 3548 1396 3596 comp.

194 3614 288 3684 111988
303 3616 421 3677 dispessis
438 3616 566 3664 tricubita:
584 3616 697 3678 dispersa
713 3615 762 3666 has
779 3616 840 3666 herc
856 3632 892 3666 no
909 3631 999 3667 sense:
1016 3632 1032 3666 a
1049 3617 1194 3679 lull-grown
1211 3631 1273 3666 man
1290 3616 1313 3665 is
1329 3628 1401 3664 more

195 3699 329 3761 dispersus,
347 3696 395 3747 but
412 3700 459 3746 not
482 3712 553 3747 more
573 3700 699 3761 dispersus
716 3698 781 3748 than
798 3714 814 3749 a
831 3699 918 3750 child:
941 3702 1052 3762 dispersa
1068 3699 1091 3748 is
1108 3700 1151 3749 the
1168 3714 1283 3749 sameas
1300 3697 1345 3748 the
1361 3712 1401 3747 res

193 3777 302 3838 amplior
318 3783 342 3825 et
360 3778 438 3826 latior
454 3776 483 3825 ol
499 3778 570 3828 1133.
673 3779 736 3829 1129
754 3780 841 3828 debera
858 3777 927 3827 Flor.
945 3779 975 3827 31
994 3777 1080 3829 Camb.
1101 3779 1139 3827 ior
1156 3780 1234 3827 debet.
1338 3777 1401 3825 1131

193 3858 278 3907 robur.
327 3859 401 3907 robor
422 3857 475 3919 AB,
496 3857 606 3921 perhaps
630 3857 741 3921 rightly3
758 3858 805 3908 but
829 3857 973 3920 Quintilian
993 3874 1051 3921 says
1069 3859 1126 3908 that
1146 3857 1254 3906 ‘summi
1270 3857 1402 3906 auctores'

196 3938 268 3988 urite
278 3940 362 4000 rolmr,
377 3941 445 3989 etur.
554 3941 619 3989 1135
631 3942 661 3989 ct
673 3956 697 3989 se
708 3940 789 3989 Lach.
801 3941 841 3990 lor
852 3956 869 3989 c
879 3956 914 3999 se,
926 3941 1001 3990 hucr.
1014 3956 1043 3990 as
1054 3942 1135 3990 arula
1147 3940 1221 4002 using
1233 3942 1265 3989 ab
1276 3940 1362 3989 before
1373 3956 1385 3988 s
1397 3956 1403 3988 :

194 4024 242 4077 but
253 4027 267 4077 1
278 4027 344 4078 have
356 4041 400 4089 my
411 4026 506 4076 doubts
518 4025 595 4074 here:
613 4038 655 4073 see
666 4023 745 4073 Laoh.
761 4029 788 4073 to
800 4025 901 4073 v1925:
918 4022 994 4072 Luor.
1006 4038 1065 4085 may
1076 4022 1141 4072 have
1152 4022 1239 4072 varied
1251 4022 1293 4071 his
1304 4037 1392 4084 usage.

230 4109 293 4158 1136
304 4110 405 4158 diditur
416 4108 482 4157 Mar.
494 4107 552 4157 Ald.
566 4106 642 4155 tunt.
655 4106 695 4155 ior
706 4107 815 4155 deditur.
886 4106 950 4154 1138
961 4113 1035 4167 queat
1048 4105 1111 4154 Mar.
1124 4105 1199 4153 Junt.
1212 4105 1251 4153 for
1263 4112 1365 4168 queunt.

230 4190 392 4239 1139-1142
410 4188 609 4251 (1146-1149);
628 4186 723 4236 Gccbel
739 4189 836 4247 quaest
856 4186 933 4235 Lucr.
951 4185 1007 4235 crit.
1025 4202 1050 4249 p.
1068 4188 1099 4235 33
1116 4185 1164 4234 has
1184 4185 1241 4235 first
1261 4199 1321 4234 seen
1346 4183 1405 4234 that

197 4270 270 4320 these
280 4286 365 4321 verses
377 4286 421 4321 are
432 4274 459 4320 to
470 4285 543 4320 come
555 4269 622 4318 aiter
634 4270 709 4319 1138:
728 4267 773 4317 the
785 4267 860 4331 thing
871 4267 966 4318 admits
977 4267 1006 4317 oi
1015 4282 1050 4317 no
1061 4267 1180 4329 question
1192 4284 1198 4326 ;
1216 4266 1316 4329 though
1326 4266 1406 4317 ithus

197 4352 305 4416 escaped
321 4353 358 4402 all
373 4352 419 4402 the
434 4351 530 4403 editors
547 4351 600 4400 and
617 4350 697 4400 Lach.
825 4351 889 4403 1110
904 4351 974 4400 cibus
991 4348 1073 4401 added
1088 4349 1122 4412 by
1134 4349 1168 4399 Is.
1186 4347 1294 4399 Vossius
1310 4348 1338 4398 in
1355 4363 1405 4397 ms.
