3008 4800
693 216 730 280 ΙΙ

192 377 378 464 significant
401 376 620 439 clandestinos
642 398 816 461 caecosque
839 357 1000 497 subesse]

193 480 298 542 multa
320 478 445 542 videbis
468 478 556 543 enim
580 479 685 564 plagis
707 479 753 542 ibi
777 480 901 563 percita
923 480 1026 543 caecis

191 589 390 645 commutare
415 580 500 643 viam
525 591 675 665 retroque
699 582 829 665 repulsa
851 583 969 646 reverti

192 707 278 748 nunc
302 685 365 748 buc
387 707 475 749 nunc
497 684 576 748 illuc
599 685 633 748 in
656 693 790 749 cunctas
814 685 957 770 undique
1003 685 1089 749 artis

191 787 314 858 scilicet
338 788 389 850 hic
412 810 431 851 a
454 787 623 872 principiis
646 797 696 851 est
719 787 870 851 omnibus
893 707 1002 872 arronii

193 890 298 974 prima
320 899 492 955 moventur
515 890 604 954 enim
628 912 685 974 per
708 912 742 954 se
765 890 941 974 primordia
962 913 1070 954 rerum
1082 912 1089 969 3

193 994 268 1058 inde
291 1016 435 1078 eaquae
457 1016 557 1079 parvo
580 1003 658 1058 sunt
680 1016 812 1079 corpora
834 995 1005 1059 conciliatu

193 1104 227 1161 et
250 1098 341 1181 quasi
364 1098 511 1182 proxima
533 1108 612 1163 sunt
634 1098 675 1162 ad
698 1099 776 1163 viris
797 1099 1038 1184 principiorum,

195 1199 315 1264 ictibus
337 1200 467 1264 illorum
490 1201 595 1265 caecis
617 1201 747 1286 inpulsa
768 1203 905 1278 cientur,

193 1303 328 1389 ipsaque
351 1325 503 1389 proporro
526 1305 624 1389 paulo
647 1305 769 1369 maiora
790 1279 975 1417 lacessuntl

194 1405 241 1469 sio
263 1428 283 1469 a
305 1406 473 1491 principiis
495 1407 643 1472 ascendit
666 1418 775 1472 motus
796 1416 831 1472 et
854 1409 922 1472 exit

194 1507 354 1592 paulatim
376 1518 503 1573 nostros
526 1510 568 1573 ad
590 1532 712 1586 sensus,
735 1519 774 1574 ut
796 1520 990 1576 moveantur

195 1610 251 1675 illa
273 1634 411 1698 quoque,
433 1614 468 1676 in
491 1613 568 1678 solis
589 1636 674 1699 qnae
697 1614 820 1678 lumine
842 1637 972 1679 cernere
994 1616 1125 1701 quimus
1259 1635 1319 1697 140

195 1737 254 1779 nec
277 1715 396 1800 quibus
420 1716 453 1780 id
472 1716 598 1781 'faciant
621 1717 727 1804 plagis
749 1727 885 1803 apparet
907 1691 1041 1810 apertel

238 1819 337 1883 Nunc
359 1842 442 1906 quae
465 1820 631 1885 mobilitas
653 1821 697 1885 sit
719 1821 847 1885 reddita
870 1820 1017 1885 materiai

194 1924 388 2008 corporibus,
410 1924 523 2009 paucis
546 1925 624 1990 licet
647 1925 722 1988 hinc
744 1946 941 2010 cognoscere,
965 1925 1107 1990 Memmi.

194 2025 336 2110 primum
358 2048 474 2091 aurora
495 2049 579 2091 novo
601 2049 677 2091 oum
692 2028 824 2113 spargit
847 2026 969 2092 lumine
992 2037 1093 2093 terras

195 2136 230 2192 et
253 2129 359 2193 variae
382 2131 528 2194 volucres
551 2153 684 2195 nemora
705 2130 781 2194 avia
801 2131 1034 2214 pervolitantes

195 2253 271 2295 aera
292 2255 351 2317 per
373 2243 524 2298 tenerum
547 2233 680 2319 liquidis
703 2234 772 2298 loca
795 2235 926 2298 vocibus
948 2234 1091 2319 opplent,

196 2357 294 2420 quam
316 2335 426 2400 subito
448 2336 551 2401 soleat
574 2336 620 2401 sol
643 2346 734 2401 ortus
757 2344 903 2422 tempore
926 2337 985 2401 tali

197 2439 376 2530 convestire
399 2461 458 2503 sua
480 2439 680 2524 perfundens
702 2440 812 2504 omnia
834 2440 920 2517 luce,¹

197 2543 348 2606 omnibus
369 2543 405 2606 in
426 2555 583 2629 promptu
605 2544 881 2629 manifestumque
904 2565 972 2608 esse
994 2536 1166 2653 videmus.)

197 2653 232 2709 at
255 2669 354 2732 vapor
376 2647 405 2711 is
427 2669 526 2734 quem
549 2648 596 2712 sol
619 2648 726 2712 mittit
749 2648 924 2732 lumenque
946 2668 1095 2711 serenum
1263 2663 1323 2729 150

197 2770 261 2812 non
284 2771 342 2833 per
363 2748 460 2814 inane
483 2759 573 2815 meat
595 2773 753 2829 vacuum3
783 2772 846 2835 quo
870 2749 993 2814 tardius
1015 2749 1063 2814 ire

197 2849 333 2935 cogitur,
355 2849 459 2914 aerias
481 2834 575 2935 quasi
597 2849 677 2933 <ium
700 2849 883 2914 diverberet
906 2836 1033 2947 undas!

198 2970 257 3012 neo
280 2948 472 3035 singillatim
495 2949 685 3034 corpuscula
707 2970 855 3034 quaeque
879 2949 1004 3033 vaporis

197 3051 254 3116 sed
276 3053 444 3139 complexa
466 3062 579 3118 meant
601 3053 688 3117 inter
710 3075 744 3118 se
767 3075 891 3138 conque
913 3054 1063 3140 globata;

198 3164 393 3241 quapropter
416 3155 513 3220 simul
536 3156 624 3220 inter
646 3177 680 3220 se
703 3156 915 3221 retrahuntur
937 3165 971 3221 et
993 3165 1085 3220 extra
1264 3171 1319 3238 155

198 3259 392 3338 officiuntur,
415 3261 466 3324 uti
489 3270 648 3346 cogantur
671 3259 796 3324 tardius
819 3260 874 3325 ire.

197 3371 232 3426 at
255 3384 339 3448 quae
362 3372 440 3427 sunt
462 3363 565 3427 solida
588 3363 764 3448 primordia
786 3363 883 3448 simpl
897 3363 1005 3439 citate,

199 3486 272 3529 cum
296 3488 354 3550 per
376 3466 472 3530 inane
495 3474 608 3530 meant
632 3487 770 3529 vacuum
794 3487 853 3529 neo
875 3487 925 3528 res
946 3473 1126 3530 remoratur

113 3703 170 3760 toa
182 3703 229 3752 but
241 3718 300 3752 over
313 3705 373 3754 hoec
385 3703 413 3752 in
424 3703 480 3753 cod.
493 3702 588 3754 Victor.
602 3718 655 3753 was
667 3717 732 3752 once
743 3702 845 3752 written
859 3717 874 3751 a
885 3701 954 3751 word
967 3702 1092 3764 careiully
1105 3700 1203 3759 erased,
1213 3715 1241 3750 as
1253 3715 1324 3751 some

113 3784 188 3834 mark
200 3783 282 3834 under
294 3787 354 3835 haec
366 3784 415 3835 has
427 3785 499 3843 been,
512 3785 585 3847 quite
595 3784 753 3847 confirming
766 3784 834 3833 Git:
852 3798 894 3833 see
906 3783 986 3832 above
997 3796 1023 3845 p.
1039 3784 1063 3833 9.
1211 3784 1257 3831 134
1269 3798 1323 3832 con·

114 3869 207 3917 cilioto
217 3867 288 3917 Nico.
301 3868 500 3935 forcoooiliato.
549 3880 567 3930 j
631 3868 678 3917 137
689 3868 798 3929 Ipsoque
807 3881 928 3928 proporro
940 3863 1050 3913 Turneh.
1063 3863 1233 3914 adverav27
1244 3862 1324 3912 Lach.

114 3949 154 3997 ior
164 3950 273 4011 Ipsaque
281 3965 366 4013 porro.
400 3951 509 4011 Ipsoque
521 3963 587 4011 quoa
599 3949 690 3998 (lamb.
702 3948 772 4010 vulg.
806 3949 984 4009 Ictoqoeqooe
996 3945 1064 3996 Flor.
1080 3946 1121 3994 31.
1193 3946 1325 4008 15200011·

114 4030 174 4079 dum
196 4032 341 4080 diverberet.
378 4031 446 4093 quod
467 4031 505 4080 sol
528 4031 672 4078 diverberat
694 4029 765 4079 Nico.
788 4027 858 4076 Flor.
878 4028 908 4075 31
928 4025 1016 4075 Gamb.
1037 4025 1104 4087 vulg.
1127 4025 1218 4075 Lamb.
1240 4024 1280 4073 ed.
1302 4028 1324 4073 1.

113 4115 190 4173 quasi
210 4119 262 4161 tum
280 4114 421 4161 diverberet
441 4109 532 4161 hamb.
555 4110 595 4160 ed.
614 4113 637 4169 2,
656 4113 732 4173 quasi
752 4112 811 4158 dom
830 4110 972 4158 diverberat
991 4106 1031 4156 ed.
1048 4109 1072 4168 3,
1092 4121 1122 4156 as
1137 4106 1211 4156 Pont.
1232 4106 1325 4165 before,

118 4191 253 4254 ‘pessime’
270 4208 330 4255 says
345 4192 440 4243 naon:
460 4199 538 4242 ‘narn
554 4193 614 4241 dum
628 4190 831 4253 intellegendum
848 4191 887 4238 ast
902 4191 976 4238 domo
986 4190 1001 4239 '.
1037 4187 1089 4237 But
1104 4186 1133 4236 in
1149 4202 1194 4249 my
1205 4187 1321 4250 opinion,

112 4273 215 4337 though
238 4275 282 4325 the
304 4276 371 4339 subj.
391 4275 414 4325 is
437 4275 509 4337 quite
531 4274 611 4337 right,
632 4273 722 4324 Lamb.
746 4273 803 4322 well
825 4271 932 4322 defends
956 4270 1001 4320 the
1023 4269 1100 4320 indic.
1120 4269 1205 4320 which
1227 4270 1249 4320 is
1271 4271 1325 4321 also

115 4356 225 4409 tenable.
340 4360 387 4407 155
404 4374 429 4408 aa
446 4359 613 4408 retrahuntur
630 4355 748 4405 Priscian
765 4356 805 4404 for
821 4370 846 4403 ae
865 4355 1008 4403 trabuntur.
1125 4352 1173 4402 158
1189 4362 1327 4403 remoratur

1155 4451 1239 4515 6-2
