3008 4800
760 219 797 285 II

263 379 391 465 legibus
415 380 511 455 hisce,
534 403 572 445 ea
594 403 644 446 res
666 382 748 446 ratio
770 383 973 449 disterminat
996 385 1107 449 omnis.

263 504 339 546 nam
364 483 466 548 veluti
489 493 560 549 tota
581 493 697 549 natura
720 484 888 550 dissimiles
910 496 987 550 sunt
1313 501 1378 566 720

263 586 350 650 inter
372 609 407 652 se
428 588 559 674 genitae
581 611 630 653 res
653 610 808 673 quaeque,
830 589 877 653 ita
898 611 1058 675 quamque
1081 598 1243 654 necessest

263 687 413 752 dissimili
436 700 581 754 constare
603 690 707 777 figura
729 691 977 776 principiorum;

263 813 327 855 non
350 814 414 877 quo
436 794 541 857 multa
561 816 675 878 parum
699 793 796 857 simili
817 793 884 857 sint
905 793 1051 878 praedita
1074 794 1182 869 forma,

263 892 319 957 sed
342 894 419 978 quis
439 917 505 959 non
527 895 620 983 volgo
642 895 733 980 paria
753 894 901 959 omnibus
923 896 1031 959 omnia
1053 863 1232 976 constanti

263 997 387 1061 semina
409 1011 483 1063 cum
506 1021 598 1084 porro
620 999 752 1074 distent,
774 997 902 1062 differre
926 1006 1090 1062 necessust
1309 1013 1370 1079 725

262 1099 434 1166 intervalla
455 1103 523 1166 vias
545 1123 683 1167 conexus
706 1100 847 1187 pondera
868 1101 979 1186 plagas

262 1224 435 1269 concursus
457 1213 573 1281 motus,
598 1225 681 1290 quae
704 1226 768 1268 non
789 1203 941 1268 animalia
963 1203 1068 1267 solum

262 1327 393 1392 corpora
414 1309 600 1396 seiungunt,
621 1307 677 1372 sed
699 1316 801 1372 terras
822 1329 860 1371 ac
881 1328 968 1371 mare
992 1314 1098 1371 totum

262 1417 435 1473 secernunt
456 1408 645 1494 caelumque
666 1431 687 1472 a
709 1409 802 1473 terris
825 1430 917 1473 omne
940 1416 1112 1473 retentant.

307 1509 404 1575 Nunc
426 1534 487 1599 age
509 1512 596 1576 dicta
618 1533 690 1576 meo
711 1511 799 1577 dulci
820 1512 965 1598 quaesita
986 1513 1094 1578 labore
1313 1534 1379 1599 730

264 1613 403 1698 percipe,
424 1636 467 1679 ne
490 1615 571 1680 sorte
593 1614 671 1680 haec
693 1615 775 1680 albis
798 1638 837 1680 ex
859 1616 933 1682 alba
953 1617 1052 1682 rearis

260 1717 428 1804 principiis
450 1741 527 1796 esse,
550 1730 626 1785 ante
648 1720 756 1784 oculos
779 1741 862 1805 quae
885 1720 1022 1784 candida
1043 1721 1156 1797 cernis,

261 1830 321 1885 aut
344 1844 383 1886 ea
404 1844 487 1907 quae
510 1823 640 1909 nigrant
663 1823 755 1908 nigro
777 1822 818 1886 de
840 1822 963 1887 semine
984 1833 1080 1903 neta3

262 1925 337 1990 nive
360 1926 462 1990 alium
484 1927 629 2012 quemvis
651 1936 833 2013 quaesunt
855 1927 971 1993 inbuta
993 1928 1138 2006 colorem,
1185 1927 1187 1931 ’

262 2039 433 2116 propterea
455 2052 565 2117 gerere
588 2031 674 2096 hunc
692 2031 814 2108 credas,
836 2030 921 2116 quod
943 2031 1090 2096 materiai
1313 2048 1353 2114 73
1359 2047 1375 2113 5

261 2154 393 2218 corpore.
415 2133 573 2199 consimili
595 2134 660 2198 sint
682 2134 752 2199 eius
773 2134 877 2199 tincta
898 2103 1050 2240 colorell

162 2252 165 2258 ‘
261 2236 371 2300 nullus
394 2237 481 2300 enim
504 2237 587 2301 color
609 2245 659 2302 est
681 2237 812 2301 omnino
834 2236 983 2301 materiai

261 2340 454 2425 corporibus
477 2363 582 2425 neque
604 2363 662 2427 par
683 2341 779 2406 rebus
801 2363 905 2426 neque
928 2341 1068 2426 denique
1090 2340 1206 2427 dispar.

261 2444 297 2507 in
319 2466 402 2529 quae
424 2466 554 2530 corpora
576 2444 604 2509 si
626 2443 734 2509 nullus
756 2444 819 2508 tibi
841 2444 922 2508 forte
944 2444 1074 2508 videtur
1126 2493 1130 2514 ,

262 2567 354 2630 posse
377 2547 479 2611 animi
501 2547 639 2612 iniectus
661 2547 740 2624 lieri,
765 2546 873 2632 procul
895 2546 986 2611 avius
1008 2512 1115 2645 erras.)
1128 2532 1142 2552 Α
1312 2566 1379 2630 740

262 2672 337 2714 nam
360 2673 435 2716 cum
458 2651 628 2738 caecigeni,
651 2651 727 2716 solis
748 2650 806 2736 qui
829 2651 953 2714 lumina
974 2672 1153 2735 numquam

260 2755 437 2841 dispersere,
460 2764 570 2820 tamen
592 2763 785 2842 cognoscant
808 2777 937 2840 corpora
960 2763 1059 2830 tactu,

261 2881 301 2924 ex
324 2860 459 2924 ineunte
480 2881 559 2924 aevo
581 2860 670 2924 nullo
692 2860 864 2924 coniuncta
886 2860 997 2934 colore,

260 2963 340 3028 scire
364 2964 440 3029 licet
463 2972 589 3028 nostrae
611 2985 738 3049 quoque
761 2963 863 3027 menti
885 2985 1019 3048 corpora¹
1036 2984 1128 3047 posse

1020 3064 1030 3077 ,.

262 3070 344 3132 vorti
366 3069 400 3133 in
423 3069 573 3133 notitiam
596 3068 685 3132 nullo
707 3067 887 3132 circumlita
909 3040 1005 3184 luco!
1305 3083 1369 3152 745

1216 2290 1258 2444 ,.

171 3299 235 3345 inse
246 3296 324 3346 Bern.
338 3296 422 3346 which
434 3295 447 3344 1
459 3295 531 3346 don’t
543 3294 710 3345 understand.
744 3295 802 3344 inde
814 3294 925 3356 Brieger.
1016 3296 1063 3346 719
1076 3296 1182 3356 Legibus
1195 3299 1235 3346 Ιιίε
1247 3301 1374 3360 cumdum

173 3381 241 3429 ratio
256 3381 416 3429 disterminat
432 3381 511 3428 omnis
525 3393 586 3428 mss
622 3379 706 3427 omnia
721 3377 800 3427 Lech.
812 3377 878 3427 alter
893 3377 909 3426 J
912 3382 967 3427 unt.
980 3392 1009 3426 as
1021 3378 1047 3427 in
1060 3393 1071 3426 1
1084 3379 1147 3429 1106
1158 3380 1268 3431 without
1280 3382 1374 3432 autho·

172 3461 236 3523 rity:
254 3463 339 3510 omnia
354 3461 367 3508 I
383 3459 464 3510 doubt
478 3463 526 3508 aot
536 3473 622 3508 comes
634 3460 700 3508 from
712 3458 846 3517 Marullus,
858 3472 887 3507 as
899 3458 932 3507 he
944 3473 1002 3508 uses
1013 3458 1034 3507 it
1046 3459 1073 3508 in
1084 3459 1130 3509 the
1141 3475 1213 3511 same
1224 3477 1279 3524 way
1290 3462 1319 3512 in
1330 3463 1374 3514 his

173 3542 255 3605 hymn
266 3545 293 3592 to
308 3541 384 3592 earth
398 3547 427 3592 at
442 3541 486 3591 the
500 3540 550 3591 end
561 3542 587 3589 of
602 3555 619 3590 a
631 3553 738 3602 passage
748 3540 834 3602 partly
845 3538 939 3602 quoted
950 3554 976 3602 p.
989 3543 1003 3592 7
1016 3540 1045 3589 in
1056 3539 1140 3590 which
1152 3543 1228 3593 Lucr.
1241 3543 1264 3592 is
1276 3545 1374 3608 closely

172 3626 304 3677 imitated:
323 3641 364 3676 see
381 3626 437 3675 also
453 3623 559 3686 reading
575 3625 602 3673 of
617 3624 690 3672 Junt.
707 3622 734 3671 in
750 3624 812 3683 749;
828 3622 884 3684 [the
898 3621 955 3671 cod.
971 3621 1066 3673 Victor.
1083 3637 1173 3686 proves
1187 3639 1232 3686 my
1243 3625 1374 3678 inference

172 3714 200 3760 to
215 3709 246 3758 be
260 3713 358 3760 comest
372 3708 434 3758 here
449 3707 501 3758 and
511 3708 573 3758 vie:
591 3705 717 3754 Marullus
727 3704 792 3755 uites
803 3703 904 3766 Virgil‘s
915 3707 977 3766 quin
984 3707 1101 3768 pretinm
1116 3709 1201 3756 mnia
1211 3709 1373 3770 Peroyemu

172 3792 270 3855 oerum.
307 3792 374 3840 hisce
390 3790 475 3838 codem
488 3804 510 3836 r.
526 3789 551 3835 d.
567 3801 635 3836 omisa
649 3786 742 3837 Rern:
759 3786 805 3835 but
820 3800 887 3834 omne
903 3785 926 3833 is
941 3784 1034 3847 hardly
1044 3785 1106 3835 thus
1121 3786 1195 3846 used;
1213 3788 1341 3841 therefore
1358 3792 1372 3840 I

172 3873 234 3923 read
251 3875 317 3923 hisee
334 3889 366 3922 ea
381 3888 419 3921 rer
436 3888 458 3922 r.
478 3873 502 3919 d.
521 3872 614 3920 omnis:
637 3871 760 3932 quaedum
776 3868 825 3918 has
841 3883 874 3916 no
891 3868 1020 3929 meaning.
1135 3871 1181 3920 721
1198 3873 1238 3920 ita
1255 3888 1373 3936 quosque

172 3956 247 4006 Junt.
264 3958 304 4007 lor
321 3960 360 4005 ito
376 3970 486 4018 curmae.
599 3953 647 4003 774
664 3959 777 4001 comtum
793 3951 842 4000 Ed.
875 3958 984 4000 coactam
1000 3951 1044 3999 AB
1062 3952 1130 4014 vulg.
1147 3953 1242 4003 Lach:
1264 3969 1307 4005 see
1323 3957 1372 4006 337

172 4040 225 4089 and
236 4040 294 4090 694.
378 4040 425 4088 734
435 4038 540 4087 colorem
551 4034 620 4084 Nico.
632 4033 700 4095 vulg.
712 4034 752 4082 for
763 4036 853 4082 colore:
871 4032 961 4081 hamb.
973 4032 1025 4081 end
1035 4033 1115 4082 Lech.
1127 4033 1195 4097 dsuy
1206 4036 1265 4085 that
1276 4040 1374 4088 imbuta

172 4123 277 4171 colorem
293 4121 317 4170 is
334 4119 426 4178 Latin,
449 4119 495 4168 but
512 4132 553 4166 see
576 4121 651 4166 notes
672 4117 696 4163 3.
751 4114 830 4163 lach.
847 4113 920 4163 reads
939 4115 1006 4163 Nive
1020 4117 1101 4164 dium
1122 4121 1232 4178 quumvis
1248 4135 1297 4182 quo
1312 4130 1373 4170 mg

172 4204 262 4252 utute
279 4205 367 4259 colore,
384 4206 447 4262 oet.;
465 4201 511 4250 but
528 4198 572 4248 the
589 4196 748 4248 nominative
762 4209 825 4260 qaue
841 4195 864 4244 is
883 4194 1026 4257 absolutely
1041 4195 1157 4257 required
1176 4197 1243 4249 hera
1277 4202 1372 4251 &dura

172 4284 262 4335 lamb.
276 4285 317 4334 ior
334 4285 431 4333 inbelle.
528 4282 577 4331 741
587 4277 767 4331 luminatur.
779 4277 812 4327 ⁸1
822 4275 913 4327 (lamb.
921 4279 972 4328 atu.
984 4275 1026 4326 ior
1035 4280 1147 4328 minu.
1251 4282 1300 4331 743
1311 4285 1372 4333 Dis.

169 4380 260 4428 perere
277 4366 349 4415 Nico.
366 4379 432 4414 corr.
448 4365 546 4415 Arme.
561 4362 575 4402 f
932 4356 1008 4409 «lut.
1023 4357 1116 4409 hub.
1214 4363 1263 4412 743
1278 4363 1366 4417 Bentl.
