3008 4800
747 187 796 251 VI

259 349 424 435 exagitata
446 349 529 413 foras
551 349 732 434 erumpitur
754 359 789 414 et
811 349 908 413 simul
930 350 1031 414 altam

259 452 430 517 diffindens
453 460 572 516 terram
595 475 755 538 magnum
771 452 943 517 concinnat
966 397 1116 540 hiatuml

260 554 293 618 in
317 555 412 640 Syria
433 555 554 621 Sidone
576 557 662 642 quod
684 555 802 620 accidit
824 565 859 620 et
881 555 945 620 fuit
967 555 1052 642 Aegi

258 662 292 725 in
315 661 541 746 Peloponneso
561 684 641 746 quas
663 662 770 725 exitus
792 661 845 725 hic
866 661 987 724 animai

256 766 419 831 disturbat
441 766 538 830 urbes
560 774 594 830 et
616 776 720 829 terrae
743 774 851 829 motus
872 736 1032 873 obortus!

257 869 426 954 multaque
447 876 613 955 praeterea
634 868 819 932 ceciderunt
842 869 969 933 moenia
991 869 1117 956 magnis

256 971 399 1035 motibus
420 970 455 1034 in
477 970 573 1034 terris
595 976 629 1033 et
651 969 775 1034 multae
797 992 854 1054 per
875 993 964 1035 mare
987 993 1117 1055 pessum

256 1072 428 1137 subsedere
449 1071 517 1136 suis
539 1072 660 1156 pariter
682 1092 755 1134 cum
778 1071 903 1136 civibus
925 1050 1041 1156 urbesl

256 1175 341 1262 quod
362 1174 426 1238 nisi
447 1173 637 1259 prorumpit,
659 1182 769 1238 tamen
791 1175 934 1260 impetus
956 1176 1026 1261 ipse
1047 1178 1168 1241 animai

256 1287 290 1343 et
312 1279 379 1342 fera
400 1277 448 1341 vis
470 1277 561 1341 venti
582 1298 640 1362 per
661 1277 771 1341 crebra
793 1279 949 1343 foramina
971 1289 1075 1344 terrae

256 1375 446 1466 dispertitur
468 1387 507 1443 ut
528 1379 637 1443 horror
659 1389 693 1444 et
714 1380 833 1444 incutit
855 1381 930 1446 inde
952 1390 1143 1461 tremorem;

223 1490 237 1533 l
256 1483 356 1569 frigus
379 1482 429 1547 uti
451 1489 576 1546 nostros
598 1481 730 1567 penitus
752 1505 826 1547 cum
848 1483 995 1548 venitin
1017 1496 1117 1560 artus,

255 1587 400 1653 concutit
422 1587 541 1651 invitos
563 1608 679 1672 cogens
702 1595 840 1652 tremere
862 1596 962 1672 atque
985 1610 1121 1653 movere.

254 1688 390 1775 ancipiti
412 1687 578 1773 trepidant
600 1687 703 1774 igitur
724 1697 845 1754 terrore
868 1711 926 1774 per
949 1690 1048 1768 urbia,

255 1801 342 1858 tecta
363 1813 501 1878 superne
524 1792 651 1868 timent,
673 1801 827 1858 metuunt
849 1793 974 1859 inferne
996 1816 1149 1859 cavernas

255 1896 353 1961 terrai
375 1919 415 1961 ne
438 1896 595 1961 dissoluat
616 1905 734 1961 natura
756 1906 898 1982 repente,

216 2008 236 2067 l
255 2023 318 2066 neu
341 2000 497 2065 distracta
519 2022 614 2064 suum
636 2001 702 2066 late
724 2001 897 2087 dispandat
920 2003 1050 2067 hiatum

254 2105 359 2190 adque
381 2105 448 2170 suis
470 2105 601 2170 confusa
624 2105 703 2169 velit
725 2107 886 2192 complere
908 2085 1033 2193 ruinis}

254 2207 387 2294 proinde
409 2209 486 2273 licet
507 2208 655 2294 quamvis
677 2210 803 2274 caelum
826 2223 1009 2296 terramque
1032 2221 1166 2276 reantur

255 2315 441 2398 incorrupta
462 2313 528 2378 fore
550 2322 701 2379 aeternae
724 2315 878 2379 mandata
899 2314 1016 2394 saluti3

255 2426 289 2482 et
311 2426 421 2481 tamen
443 2417 606 2496 interdum
629 2439 779 2502 praesens
801 2418 850 2482 vis
871 2416 942 2502 ipsa
964 2417 1075 2501 pericli

254 2520 365 2585 subdit
387 2528 421 2585 et
443 2521 528 2585 hunc
550 2520 719 2584 stimulum
742 2520 882 2606 quadam
903 2521 945 2586 de
967 2529 1060 2606 parte
1083 2522 1216 2598 timoris

256 2647 297 2689 ne
319 2623 457 2710 pedibus
478 2624 597 2709 raptim
620 2624 717 2689 tellus
739 2625 906 2689 subtracta
928 2626 1051 2689 feratur

256 2729 290 2794 in
312 2728 501 2793 barathrum
524 2750 697 2814 rerumque
719 2736 874 2814 sequatur
896 2729 1025 2813 prodita
1046 2751 1174 2793 summa

253 2832 399 2897 funditus
421 2840 456 2896 et
478 2831 536 2896 fiat
557 2830 672 2895 mundi
694 2834 825 2896 confusa
846 2807 962 2999 ruinas.)

299 2934 476 3020 [Principio
498 2957 586 2999 mare
609 2934 768 2999 mirantur
791 2958 855 2999 non
877 2935 934 3000 red
957 2957 1010 3005 ere
1034 2935 1137 2999 maius

253 3048 412 3115 naturam,
435 3061 500 3125 quo
522 3038 565 3103 sit
587 3047 699 3102 tantus
721 3039 874 3103 decursus
896 3061 1064 3124 aquarum,

255 3144 362 3208 omnia
384 3166 448 3229 quo
471 3143 603 3208 veniant
626 3165 665 3207 ex
687 3142 777 3207 omni
798 3142 933 3207 flumina
955 3123 1068 3237 partel

253 3247 336 3311 adde
359 3269 456 3333 vagos
478 3245 591 3309 imbris
613 3254 889 3331 tempestatesque
912 3245 1067 3321 volantes,

253 3348 361 3412 omnia
382 3370 464 3434 quae
488 3347 589 3411 maria
610 3370 647 3411 ac
670 3356 772 3412 terras
795 3357 1016 3434 sparguntque
1039 3348 1230 3434 1·igantque;

251 3451 333 3517 adde
355 3473 429 3516 suos
451 3451 566 3530 fontis3
595 3459 705 3515 tamen
727 3452 768 3516 ad
791 3452 888 3516 maris
909 3452 1018 3516 omnia
1039 3473 1200 3515 summam

167 3697 263 3744 cannot
280 3692 311 3742 ba
328 3693 391 3743 used
409 3694 436 3743 in
454 3694 498 3744 the
514 3708 585 3744 same
602 3707 675 3744 sense
692 3709 721 3744 as
739 3694 783 3743 the
800 3695 867 3757 plur.
977 3694 1026 3742 562
1043 3707 1091 3754 que
1109 3690 1191 3741 added
1208 3690 1243 3752 by
1260 3689 1329 3741 Flor.
1345 3692 1378 3758 31

75 3809 77 3813 «
168 3775 257 3825 Gamb.
269 3775 344 3824 Pont.
354 3781 402 3825 etc.
537 3777 584 3825 585
601 3777 689 3840 Syrio.
725 3777 806 3839 Tyrio
816 3775 908 3825 Lamb.
919 3777 968 3824 etc.
981 3773 1092 3823 without
1102 3787 1188 3822 causo.
1329 3772 1381 3822 586

168 3874 230 3921 quar
242 3860 335 3910 Avano.
350 3859 389 3907 for
401 3874 458 3922 quo.
560 3860 608 3907 588
624 3860 768 3908 cecideruut
780 3858 850 3907 Mon.
864 3856 921 3906 Ver.
934 3856 998 3906 Ven.
1011 3856 1051 3905 lor
1062 3856 1191 3906 occideret.
1230 3855 1342 3904 cecidere
1355 3865 1381 3905 et

167 3939 381 3990 Flor.310amb.
491 3941 539 3990 689
555 3955 652 4004 perram
663 3939 845 3989 Nicasscorr.
858 3938 1015 4002 torporata.
1131 3935 1380 4008 600Adqae12aeh.

168 4025 207 4073 for
219 4027 307 4088 quue.
335 4027 422 4088 Imque
432 4023 521 4074 Lamb.
534 4024 561 4073 in
573 4023 618 4074 the
629 4023 761 4073 additions
772 4027 800 4073 to
811 4022 850 4072 ed.
862 4023 887 4071 3.
953 4022 1002 4071 604
1014 4022 1143 4070 Subdita
1155 4017 1380 4070 huacAFlor.31

168 4105 319 4156 Cambete.
354 4107 463 4155 Subdita
479 4112 503 4154 et
521 4107 585 4154 lraac
602 4105 647 4152 BA
664 4119 729 4153 corr.
747 4104 816 4154 Nico.
853 4104 945 4152 Subdit
962 4105 1039 4152 attae
1056 4101 1137 4152 Laoh.
1174 4101 1295 4150 Subditct
1313 4101 1381 4150 bunc

167 4188 231 4239 Mar.
246 4187 423 4238 Junenamh.
437 4192 485 4237 etc.
595 4185 783 4236 605aubtrocto
795 4173 1078 4234 Nicatorsubrtructo.
1188 4183 1319 4233 coc-638
1336 4197 1383 4234 are

167 4269 264 4333 proved
274 4271 307 4332 by
317 4269 397 4320 Lech.
408 4274 435 4319 to
447 4268 478 4318 be
488 4269 559 4331 quite
571 4268 749 4319 unconnected
760 4268 822 4319 with
834 4268 903 4317 what
915 4267 1037 4332 procedes
1048 4282 1078 4318 or
1086 4268 1194 4318 follows.
1226 4267 1292 4316 Mar.
1304 4265 1382 4318 Junt.

167 4352 235 4413 vulg.
246 4352 326 4415 prafix
342 4351 395 4402 this
412 4367 483 4402 verse
499 4353 572 4402 Nunc
588 4354 656 4400 ratio
673 4352 799 4401 reddmdo
816 4365 921 4412 capraea
937 4353 1095 4400 cormaiot
1112 4365 1213 4414 aequor.
1330 4348 1382 4402 609
