3008 4800
176 225 216 303 58
426 221 428 226 '
758 225 775 288 Ι

186 375 224 439 5³<
260 385 369 450 mollia
390 409 475 472 quae
497 386 590 461 fiunt,
613 408 774 471 aeraque
796 394 882 450 terra
904 407 1045 470 vapores,

260 509 323 572 quo
345 498 439 573 pacto
463 489 544 553 fiant
567 497 601 553 et
624 511 689 574 qna
711 489 743 552 vi
765 509 912 573 quaeque
934 496 1097 573 gerantur,

259 590 441 655 admixtum
466 592 618 677 quoniam
642 592 741 655 semel
764 599 814 654 est
837 589 871 654 in
893 590 989 654 rebus
1011 590 1116 654 inane.

258 703 294 758 at
316 704 428 759 contra
449 697 477 760 si
500 696 611 760 mollia
632 697 698 760 sint
720 693 895 780 primordia
916 716 1032 769 rerum,

260 796 346 861 unde
369 807 491 882 queant
514 798 614 863 validi
636 797 741 862 silices
763 797 947 880 ferrumque
969 796 1070 859 creari

259 922 324 963 non
346 901 467 985 poterit
489 901 572 966 ratio
594 899 706 979 reddi;
735 921 812 963 nam
834 898 981 962 funditus
1003 898 1107 961 omnis

260 1003 418 1089 principio
440 1005 646 1069 fundamenti
668 1013 786 1069 natura
808 995 966 1170 carebit&

260 1115 338 1170 sunt
360 1107 465 1192 igitur
486 1106 588 1171 solida
610 1107 768 1192 pollentia
789 1106 945 1192 simplicit
967 1113 1000 1170 te

260 1230 397 1293 quorum
420 1210 581 1274 condenso
603 1209 707 1297 magis
729 1210 838 1274 omnia
860 1208 1033 1286 conciliatu

260 1313 360 1376 artari
382 1322 519 1397 possunt
541 1313 728 1400 validasque
751 1313 919 1378 ostendere
944 1301 1038 1412 viris.)

304 1415 401 1480 Porro
423 1417 452 1481 si
474 1417 597 1481 nullast
619 1418 805 1504 frangendis
826 1418 954 1483 reddita
976 1417 1050 1482 finis

261 1519 454 1604 corporibus,
478 1528 588 1584 tamen
611 1542 652 1584 ex
674 1528 805 1585 aeterno
828 1529 972 1606 tempore
993 1542 1141 1606 quaeque

260 1643 346 1685 nunc
368 1621 469 1686 etiam
491 1643 642 1706 superare
665 1631 827 1686 necessest
848 1643 979 1708 corpora
1001 1623 1107 1698 rebus,

260 1745 344 1808 quae
366 1724 511 1789 nondum
534 1725 665 1790 clueant
685 1725 753 1790 ullo
777 1733 938 1810 temptata
960 1707 1106 1811 periclol

261 1836 296 1891 at
317 1827 471 1911 quoniam
494 1828 601 1915 fragili
622 1838 740 1893 natura
761 1829 908 1915 praedita
930 1837 1087 1906 constant,

261 1929 423 2016 discrepat
445 1941 616 1997 aeteruum
639 1941 769 2019 tempus
791 1933 935 2019 potuisse
957 1955 1087 1998 manere

261 2033 554 2100 innumerabilibus
576 2036 681 2122 plagis
703 2044 821 2101 vexata
842 2059 900 2122 per
921 2027 1060 2128 aevom}

260 2135 401 2222 denique
423 2137 490 2201 iam
512 2138 666 2223 quoniam
688 2139 870 2224 generatim
893 2138 1022 2204 reddita
1044 2137 1118 2202 finis

261 2239 424 2305 crescendi
445 2241 543 2306 rebus
565 2250 692 2306 constat
715 2242 881 2328 vitamque
904 2241 1046 2318 tenendi,

188 2396 207 2452 ς
261 2352 294 2407 et
316 2343 395 2428 quid
417 2367 565 2432 quaeque
586 2355 710 2432 queant
732 2370 790 2433 per
811 2347 940 2412 foedera
961 2346 1098 2421 naturai,

184 2422 241 2503 all
259 2446 339 2530 quid
361 2470 454 2533 porro
477 2458 651 2535 nequeant,
672 2451 833 2515 sancitum
855 2449 1115 2536 quandoquidem
1138 2456 1237 2523 extat,

261 2572 318 2615 nec
341 2559 562 2616 commutatur
584 2553 767 2639 quiequam,
789 2552 869 2639 quin
891 2552 1000 2618 omnia
1024 2561 1173 2616 constant

259 2675 361 2738 usque
383 2654 473 2731 adeo,
495 2655 603 2721 variae
625 2657 770 2721 volucres
792 2665 831 2721 ut
853 2657 888 2720 in
910 2655 1022 2721 ordine
1044 2664 1180 2720 cunctae

259 2757 433 2822 ostendant
456 2759 599 2824 maculas
619 2759 781 2846 generalis
802 2782 932 2846 corpore
954 2759 1068 2836 inesse,

259 2858 456 2923 inmutabili'
479 2860 635 2926 materiae
657 2884 785 2947 quoque
807 2884 922 2947 corpus
945 2861 1062 2926 habere

259 2962 382 3028 debent
403 2946 592 3057 nimiruml
612 2988 689 3029 nam
711 2967 738 3030 si
762 2966 937 3051 primordia
958 2988 1066 3030 rerum

259 3067 452 3132 commutari
474 3067 584 3154 aliqua
605 3069 732 3153 possint
753 3068 879 3133 ratione
901 3068 1031 3144 revicta,

259 3170 420 3234 incertum
441 3193 571 3257 quoque
594 3171 659 3236 iam
681 3180 808 3237 constet
830 3171 907 3257 quid
932 3172 1034 3257 possit
1056 3170 1140 3246 oriri,

259 3272 337 3357 quid
360 3281 511 3359 nequeat,
532 3273 627 3338 finita
648 3283 794 3360 potestas
816 3273 956 3359 denique
979 3274 1095 3359 cuique
1153 3275 1157 3283 ’
1314 3287 1371 3353 595

259 3397 400 3460 quanam
424 3377 467 3442 sit
490 3377 615 3442 ratione
638 3387 736 3464 atque
759 3379 825 3442 alte
848 3377 1006 3442 terminus
1029 3378 1171 3452 haerena,

172 3559 232 3622 glad
249 3564 275 3609 to
293 3574 335 3608 see
352 3561 400 3610 has
417 3561 497 3611 fallen
514 3576 549 3611 on
567 3561 612 3612 the
629 3577 700 3612 same
715 3563 783 3624 coni.
801 3561 1002 3624 independently
1018 3562 1047 3611 of
1067 3576 1118 3619 me,
1135 3577 1164 3611 aa
1183 3561 1216 3611 he
1234 3562 1322 3611 makes
1341 3577 1375 3610 no

172 3642 289 3692 mention
305 3657 369 3692 even
385 3643 415 3691 of
429 3657 474 3705 my
490 3642 531 3693 ed.
548 3643 577 3692 of
593 3644 679 3706 latu]
712 3642 792 3692 Laoh.
809 3647 871 3705 puts
887 3643 936 3692 568
952 3643 1019 3692 after
1035 3645 1090 3704 585,
1110 3643 1192 3692 where
1208 3643 1229 3692 it
1244 3643 1266 3691 is
1283 3642 1376 3706 wholly

171 3729 218 3775 out
229 3725 258 3774 of
271 3724 360 3787 place3
377 3726 464 3774 Bentl.
475 3727 555 3787 ejects
569 3726 608 3787 it;
628 3726 694 3775 Mar.
706 3725 759 3776 and
774 3726 846 3776 Juut.
865 3725 928 3775 read
938 3727 1008 3789 fluat
1023 3725 1076 3775 and
1089 3733 1223 3787 ymarum
1244 3724 1297 3774 and
1306 3727 1376 3788 fiunt

171 3807 200 3856 in
217 3807 273 3857 567.
305 3806 398 3856 hamb.
410 3806 506 3856 Greech
522 3811 570 3858 eto
585 3823 688 3870 curmae
703 3815 839 3869 gerantur:
859 3806 895 3855 all
910 3807 1061 3869 corrupting
1075 3807 1120 3857 the
1135 3811 1189 3857 text
1204 3807 1255 3855 and
1271 3806 1376 3868 making

170 3888 306 3938 Lucretius
317 3891 399 3938 assert
410 3889 455 3939 the
467 3889 563 3939 absurd
573 3890 668 3940 truism
679 3888 738 3938 that
749 3890 784 3938 all
796 3889 883 3952 things
894 3889 979 3939 which
990 3889 1023 3939 do
1033 3890 1136 3961 become
1147 3890 1198 3938 sos
1209 3904 1258 3938 can
1274 3888 1376 3938 become

171 3970 230 4020 soit.
329 3971 377 4021 578
389 3986 510 4033 quaeque.
544 3974 668 4036 praedam
679 3972 770 4022 Lamb.
784 3971 837 4021 and
848 3970 926 4021 naon.
1038 3972 1085 4020 585
1102 3972 1227 4021 mercandi
1238 3970 1296 4019 Ver.
1309 3970 1371 4019 Ven.

170 4052 211 4100 ior
220 4054 365 4101 creaceadia
474 4053 522 4101 588
534 4061 699 4102 conmutantur
709 4054 730 4101 B
742 4067 807 4102 oorr.
819 4052 889 4101 Nice.
902 4053 942 4101 for
952 4055 1092 4102 comitatur.
1129 4060 1252 4101 coaetant.
1264 4059 1375 4100 coruteat

170 4131 250 4182 Lach.
337 4134 385 4184 591
397 4135 554 4183 inmutabili'
565 4134 645 4183 Lech.
659 4134 715 4183 first
726 4135 766 4183 for
777 4135 946 4183 inmutabilca.
978 4135 1126 4183 inmutabile
1139 4133 1207 4181 Flor.
1220 4134 1250 4181 31
1263 4133 1330 4182 Flor.
1343 4133 1375 4180 30

169 4229 235 4264 corr.
247 4215 322 4276 vulgo
337 4214 466 4276 absurdly.
569 4217 617 4267 598
635 4216 687 4266 and
705 4217 751 4268 597
765 4219 865 4278 possint
882 4215 930 4266 Ed
951 4216 990 4265 ior
1002 4224 1120 4279 porcean
1140 4215 1223 4264 which
1239 4215 1375 4265 commin

169 4296 217 4346 594
228 4309 319 4358 proves
330 4299 358 4345 to
371 4296 401 4345 be
412 4289 561 4359 necessary:
580 4311 622 4346 see
634 4298 682 4346 356
693 4296 745 4346 and
757 4302 817 4346 note
829 4295 916 4346 there:
934 4296 995 4346 bere
1006 4300 1050 4346 too
1062 4298 1159 4360 puniat
1168 4295 1249 4359 easily
1259 4295 1375 4346 becomes

166 4384 275 4441 possent,
286 4377 388 4440 though
400 4384 494 4427 constet
506 4369 569 4428 does
581 4384 627 4429 not
638 4394 698 4442 pass
710 4379 766 4428 into
776 4386 901 4429 cautaret
912 4393 941 4429 ao
951 4377 1055 4442 readily.
