3008 4800
502 813 542 886 T.
583 811 812 887 LUCRETI
855 813 982 887 CARI

378 1060 469 1142 DE
527 1059 773 1144 RERUM
832 1060 1122 1145 NATURA

575 1346 708 1405 LIBER
734 1347 928 1417 QUINTUS

744 1639 793 1692 „A

222 1718 321 1798 ‘Quis
342 1720 428 1805 potis
450 1728 501 1784 est
522 1720 658 1806 dignum
680 1680 816 1805 pillenti
837 1729 966 1806 pectore
979 1745 1118 1799 oermen

239 1821 374 1885 condere
395 1844 453 1907 pro
476 1844 583 1886 rerum
605 1823 776 1887 maiestate
797 1822 912 1908 hisque
933 1804 1110 1911 repertisll
1183 1861 1188 1868 ·

239 1926 352 2010 quisve
374 1926 461 1990 valet
483 1926 588 1990 verbis
610 1935 739 1991 tantum
761 1926 818 2014 qui
839 1927 959 2013 fingere
981 1929 1094 1995 laudes

240 2053 297 2116 pro
320 2029 537 2125 meritisleius
558 2029 661 2115 possit
682 2029 739 2114 qui
760 2031 841 2094 talia
862 2032 955 2096 nobis

240 2142 370 2220 pectore
388 2101 486 2217 {lint
506 2156 566 2198 suo
587 2112 793 2220 quaesitaque
815 2135 958 2220 praemia
980 2102 1115 2227 liqui-tll

240 2256 344 2311 nemo,
366 2244 405 2298 ut
426 2236 547 2321 opinor,
569 2237 632 2299 erit
654 2235 783 2300 mortali
803 2258 934 2322 corpore
955 2232 1086 2324 cretus(

240 2359 316 2400 nam
339 2337 375 2413 si,
397 2348 436 2401 ut
458 2338 528 2423 ipsa
549 2339 635 2424 petit
656 2339 808 2402 maiestas
830 2340 960 2426 cognita
981 2363 1099 2418 rerum,

240 2439 412 2504 dicendum
436 2452 495 2518 est,
517 2440 596 2505 deus
618 2441 673 2505 ille
695 2442 767 2517 fuit,
788 2441 877 2516 dens,
899 2442 1020 2528 inclyte
1044 2443 1186 2520 Memmi

241 2544 297 2629 qui
319 2544 468 2630 princeps
490 2530 577 2609 vitae
600 2545 757 2609 rationem
780 2545 906 2610 invenit
927 2568 1000 2610 earn
1022 2569 1105 2633 quae

240 2671 327 2712 nunc
349 2648 533 2733 appellatur
554 2648 721 2734 sapientia,
744 2649 865 2734 quique
887 2672 945 2735 per
966 2657 1070 2714 artem

242 2753 394 2816 fluctibus
416 2775 434 2816 e
457 2753 559 2816 tantis
580 2753 682 2817 vitam
703 2753 871 2838 tantisque
893 2754 1037 2818 tenebris

241 2856 277 2920 in
299 2866 367 2921 tam
390 2856 565 2942 tranquillo
588 2865 622 2920 et
644 2866 712 2920 tam
734 2858 820 2920 clara
842 2857 912 2921 lnce
935 2857 1061 2923 locavit.

242 2961 349 3025 confer
372 2961 458 3025 enim
480 2961 592 3025 divina
613 2961 748 3025 aliorum
770 2961 905 3047 antiqua
926 2946 1067 3069 repertal

242 3087 381 3150 namque
405 3063 503 3131 Ceres
525 3066 628 3146 ¹fertur
649 3065 756 3152 fruges
778 3065 938 3164 Que
961 3067 1093 3153 liquoris
1150 3071 1184 3139 *l
1196 3048 1229 3095 Ψ

243 3168 379 3255 vitigeni
401 3168 531 3232 laticem
553 3169 742 3233 mortalibus
765 3162 999 3250 instituisse;''

243 3292 317 3333 cum
339 3279 452 3334 tamen
474 3271 525 3334 his
547 3279 654 3356 posset
676 3270 745 3334 sine
767 3270 863 3334 rebus
886 3269 955 3335 vita
975 3294 1115 3349 manere,

243 3381 282 3437 ut
305 3374 389 3437 sama
411 3382 462 3439 est
483 3375 608 3460 aliquas
631 3373 729 3438 etiarn
752 3396 838 3437 nuno
860 3373 966 3438 vivere
988 3361 1112 3477 gentisl

244 3485 279 3540 at
301 3477 383 3541 bene
405 3501 471 3542 non
492 3487 620 3564 poterat
642 3479 710 3542 sine
732 3500 812 3563 puro
834 3486 962 3565 pectore
984 3479 1068 3558 vivi3

245 3602 308 3665 quo
331 3581 432 3668 magis
455 3580 507 3646 hic
530 3581 645 3645 merito
667 3580 760 3645 nobis
782 3581 862 3646 deus
885 3603 953 3646 esse
976 3582 1114 3658 videtur,

245 3705 284 3747 ex
307 3705 369 3768 quo
391 3706 477 3747 nuno
499 3684 598 3747 etiam
621 3705 679 3768 per
699 3705 833 3768 magnas
854 3683 959 3748 didita
1002 3685 1087 3749 entis

245 3787 351 3851 dulcia
373 3787 575 3872 permulcent
597 3786 719 3849 animos
742 3785 858 3849 solacia
882 3707 1002 3884 vitael

246 3890 396 3954 Herculis
418 3890 574 3955 antistare
597 3900 707 3954 autem
730 3891 757 3954 si
781 3891 865 3954 faeta
888 3890 1027 3976 putabis

245 3993 372 4081 longius
393 4019 413 4058 a
438 4017 510 4059 vera
533 3996 636 4059 multo
658 3995 782 4059 ratione
805 3974 981 4082 serere.l---
1038 4010 1042 4015 '

245 4098 324 4184 quid
348 4097 531 4162 Nemeaeus
554 4100 640 4163 enim
663 4099 755 4162 nobis
777 4121 863 4162 nunc
886 4122 1022 4186 magnus
1046 4101 1156 4166 hiatus

209 4273 224 4320 2
240 4274 371 4321 maiestate
383 4273 471 4335 tuque
482 4275 587 4335 repertis
598 4271 689 4320 Lamb.
702 4272 741 4320 for
752 4274 891 4321 maiestatis
901 4281 978 4335 atque
990 4277 1108 4336 repertio:
1126 4273 1159 4322 he
1170 4288 1292 4337 proposes
1304 4274 1360 4325 also

160 4355 288 4403 maiestate
300 4361 374 4416 atque
386 4369 407 4402 r.
440 4356 626 4417 micatatioque
638 4357 741 4416 repertis
754 4353 823 4402 Nico.
835 4354 888 4404 and
899 4353 935 4403 all
946 4354 1031 4404 before
1043 4356 1134 4405 Lamb.
1224 4357 1253 4404 12
1267 4358 1360 4406 locavit
