3008 4800
726 228 743 291 1

208 391 326 477 partim
349 389 482 454 concilio
504 410 589 473 quae
611 398 763 453 constant
786 374 1050 477 principiorum}

206 494 262 558 sed
285 515 368 577 quae
391 504 468 556 sunt
490 514 598 556 rerum
622 492 808 577 primordia,
831 493 923 556 nulla
945 502 1053 576 potest
1076 493 1124 555 vis

207 596 389 682 stinguere3
420 617 494 658 nam
516 594 619 659 solido
643 596 778 660 vincunt
800 618 840 660 ea
862 618 993 680 corpore
1016 584 1178 684 demuml

101 682 105 688 ι
206 699 268 764 etsi
290 699 420 763 difficile
443 720 511 763 esse
533 698 665 763 videtur
687 698 818 763 credere
841 700 1016 783 quicquam

207 803 241 867 in
262 803 359 868 rebus
381 802 482 867 solido
505 803 639 887 reperiri
661 825 792 888 corpore
815 801 934 894 posse}

207 907 324 971 transit
346 906 434 971 enim
456 905 581 970 fulmen
604 906 685 971 caeli
707 929 767 992 per
788 917 903 992 saepta
924 907 1102 983 domorum,

205 1011 323 1076 clamor
344 1019 383 1075 ut
404 1033 442 1075 ac
466 1032 577 1090 voces;
608 1011 729 1075 ferrum
752 1010 918 1075 candescit
940 1011 974 1074 in
997 1011 1065 1096 igni

206 1113 432 1199 dissiliuntque
455 1113 521 1177 fero
545 1112 705 1177 ferventia
726 1134 804 1176 saxa
827 1135 965 1199 vapore3

206 1226 277 1282 tum
300 1216 513 1281 labefactatus
535 1217 623 1302 rigor
644 1216 716 1280 auri
738 1216 876 1280 solvitur
897 1225 1011 1296 aestu3

206 1330 277 1386 tum
298 1321 419 1408 glacies
440 1320 524 1385 aeris
546 1321 678 1385 flamma
701 1321 831 1386 devicta
854 1322 1025 1407 liquescit;

205 1432 374 1509 permanat
395 1424 481 1489 calor
501 1433 676 1512 argentum
698 1423 931 1509 penetraleque
954 1423 1064 1510 frigus,

205 1527 333 1612 quando
355 1536 533 1612 utrumque
555 1549 655 1591 manu
679 1526 861 1591 retinentes
883 1525 1001 1611 pocula
1023 1526 1084 1590 rite

204 1630 363 1694 sensimus
385 1630 492 1695 infuso
515 1630 722 1716 lympharum
745 1653 816 1696 rore
839 1625 1005 1732 supeme.l

204 1755 306 1820 usque
328 1734 409 1799 adeo
431 1734 466 1797 in
488 1733 586 1798 rebus
608 1733 704 1799 solidi
727 1735 774 1799 nil
797 1756 868 1800 esse
892 1734 1052 1823 videtur.j

203 1835 259 1900 sed
281 1837 359 1922 quia
380 1859 456 1902 vera
478 1845 589 1901 tamen
612 1838 696 1902 ratio
720 1846 904 1923 naturaque
926 1826 1047 1902 rerum

203 1938 297 2025 cogit,
320 1937 406 2016 ades,
428 1938 540 2024 paucis
563 1938 642 2003 dum
664 1940 812 2005 versibus
835 1938 1046 2025 expediamus

203 2063 271 2107 esse
293 2064 437 2128 eaquae
459 2040 561 2106 solido
583 2051 684 2128 atque
707 2052 840 2108 aeterno
862 2064 993 2129 corpore
1016 2050 1171 2116 constent,

201 2145 325 2210 semina
345 2167 429 2230 quae
451 2168 559 2211 rerum
582 2145 822 2231 primordiaque
846 2168 915 2211 esse
937 2145 1097 2221 docemus,

204 2248 289 2315 unde
312 2251 417 2316 omnis
439 2274 548 2316 rerum
571 2273 659 2315 nunc
681 2259 809 2315 constet
832 2272 961 2315 summa
983 2230 1117 2329 creatal

246 2353 409 2440 Principio
431 2354 587 2439 quoniam
610 2353 732 2439 duplex
755 2362 874 2418 natura
895 2354 1034 2419 duarum

202 2457 365 2522 dissimilis
388 2479 495 2522 rerum
520 2457 616 2543 longe
639 2466 786 2521 constare
808 2465 979 2543 repertast,

202 2560 340 2646 corporis
361 2569 461 2646 atque
484 2560 555 2636 loci,
577 2581 629 2624 res
651 2560 686 2624 in
709 2581 773 2644 quo
795 2581 945 2646 quaeque
966 2571 1133 2646 geruntur,

201 2687 269 2730 esse
291 2674 464 2752 utramque
486 2665 549 2729 sibi
571 2687 631 2750 per
653 2686 687 2729 se
711 2686 892 2751 puramque
915 2674 1083 2730 necessest.
1101 2657 1109 2771 Ι

200 2793 276 2834 nam
297 2791 502 2856 quacumque
525 2778 620 2833 vacat
643 2769 798 2854 spatium,
820 2769 908 2854 quod
930 2769 1027 2833 inane
1052 2790 1210 2842 vocamus,

199 2897 313 2961 corpus
335 2897 375 2940 ea
397 2897 462 2940 non
484 2884 554 2952 est;
585 2897 651 2960 qua
673 2897 767 2961 porro
790 2897 930 2960 cumque
954 2884 1045 2940 tenet
1067 2897 1100 2940 se

200 2999 321 3064 corpus
344 2998 384 3042 ea
405 2999 544 3042 vacuum
568 2999 775 3064 nequaquam
797 2987 925 3042 constat
947 2967 1074 3063 inane!

199 3089 276 3145 sunt
298 3080 401 3167 igitur
421 3079 523 3145 solida
545 3102 582 3144 ac
605 3079 676 3145 sine
698 3081 790 3145 inani
812 3103 945 3166 corpora
966 3079 1101 3190 prima}
1257 3094 1320 3159 510

199 3192 368 3269 praeterea
391 3185 544 3270 quoniam
566 3184 689 3270 genitis
712 3184 747 3248 in
769 3185 867 3249 rebus
889 3185 1028 3260 inanest,

198 3287 368 3352 materiem
390 3287 510 3352 circum
534 3287 671 3351 solidam
693 3296 842 3352 constare
865 3295 1036 3361 necessest,

198 3413 257 3456 nec
278 3413 329 3456 res
353 3392 421 3456 ulla
443 3400 551 3477 potest
574 3413 651 3455 vera
673 3392 800 3456 ratione
823 3392 953 3477 probari

197 3518 326 3582 corpore
349 3497 446 3560 inane
468 3518 526 3560 suo
549 3496 653 3561 celare
676 3504 777 3582 atque
800 3496 891 3560 intus
914 3496 1040 3571 habere,

197 3599 225 3663 si
247 3621 320 3676 non,
343 3600 430 3684 quod
452 3599 592 3674 cohibet,
616 3599 756 3664 solidum
779 3611 925 3664 constare
949 3553 1146 3685 relinquasl
1256 3613 1314 3679 515

197 3698 230 3763 id
251 3721 344 3785 porro
367 3700 414 3763 nil
437 3721 507 3764 esse
530 3708 640 3785 potest
663 3700 727 3764 nisi
751 3701 900 3765 materiai

109 3898 316 3949 cameramos
349 3898 566 3950 comtctBGott.
652 3901 701 3948 484
713 3900 888 3962 quceBcorr.
901 3899 989 3949 Gamb.
1002 3913 1066 3949 corr.
1079 3900 1117 3948 lor
1128 3915 1186 3962 qua.
1268 3901 1316 3949 486

110 3982 242 4044 Stirrquere
254 3981 307 4030 AB.
341 3982 470 4044 Strinpere
482 3982 504 4029 A
515 3994 580 4030 corr.
593 3979 663 4030 Nice.
676 3980 730 4030 and
741 3980 776 4029 all
788 3981 854 4030 later
864 3995 927 4030 mss.
939 3980 992 4031 and
1002 3980 1056 4030 eds.
1068 3981 1152 4030 belone
1163 3980 1254 4030 Leon:
1271 3981 1317 4030 but

109 4061 177 4113 rior.
195 4063 227 4112 30
242 4062 291 4112 has
307 4065 441 4125 Stinyccrc
457 4063 486 4111 in
502 4076 585 4125 marg.
685 4064 733 4114 489
750 4065 850 4126 flamen
867 4065 889 4112 A
905 4078 971 4112 corr.
989 4063 1011 4111 B
1027 4078 1089 4112 corr.
1108 4062 1178 4111 Nico.
1195 4076 1259 4111 corr.
1277 4063 1316 4112 lor

103 4145 208 4207 fiuntcc.
240 4143 322 4193 Iraoh.
339 4144 472 4206 strangely
488 4143 563 4192 reads
579 4145 684 4205 caelum,
700 4159 728 4207 p.
747 4159 768 4192 s.
786 4144 914 4192 dommum
931 4145 970 4194 ol.
983 4145 1014 4200 it,
1032 4158 1061 4192 aa
1071 4142 1097 4191 -it
1113 4142 1157 4192 the
1173 4143 1220 4200 air,
1232 4142 1284 4192 like
1301 4157 1316 4191 a

109 4227 184 4273 stone
197 4223 264 4282 wall,
276 4237 339 4273 were
354 4238 371 4273 a
384 4222 451 4286 good
467 4223 585 4273 instance
601 4223 630 4272 of
645 4238 661 4272 a
675 4239 738 4286 very
749 4223 817 4273 solid
830 4224 923 4286 thing:
940 4224 976 4273 all
987 4238 1048 4274 msa
1063 4222 1128 4272 have
1138 4224 1203 4272 cccli
1215 4222 1267 4272 and
1277 4231 1315 4272 ut.

108 4321 139 4355 ac
154 4305 249 4356 Avario.
269 4304 325 4354 first
341 4304 383 4354 for
399 4306 441 4354 od.
552 4306 600 4355 491
613 4307 745 4367 ferventia
763 4307 829 4355 Mar.
846 4306 922 4356 Junt.
939 4305 992 4355 and
1007 4305 1096 4355 Lamb.
1116 4304 1155 4354 ed.
1175 4307 1188 4352 1
1206 4305 1245 4354 for
1262 4307 1315 4367 ser-

108 4387 187 4436 venti.
312 4387 360 4437 492
373 4393 425 4434 tum
435 4386 506 4435 Brix.
519 4385 578 4436 Ver.
593 4386 656 4436 Ven.
669 4388 783 4437 lorcam.
912 4388 959 4438 500
971 4387 1114 4437 comtentB
1129 4402 1193 4437 corr.
1206 4388 1245 4437 for
1259 4403 1314 4437 con·
