3008 4800
710 235 759 298 VI

245 432 304 474 nec
326 411 427 475 nimio
449 411 546 498 rigidi
568 419 641 496 post
663 419 755 474 artus
778 420 882 475 morte
905 363 1105 504 iacebantlf

247 522 424 598 octavoque
446 515 512 578 fere
535 515 687 577 candenti
712 514 833 577 lumine
856 515 932 578 solis
1071 567 1082 628 Y

246 626 304 680 aut
328 619 426 681 etiam
450 639 535 680 nona
557 616 737 681 reddebant
760 618 909 702 lampade
933 570 1062 704 vitaml

248 743 382 804 quorum
406 720 507 804 siquis
530 719 596 784 ibei
618 721 739 784 vitarat
762 722 875 785 funera
899 721 967 797 leti,

248 824 408 888 ulceribus
431 823 545 887 taetris
568 832 602 887 et
625 824 718 910 nigra
740 826 885 909 proluvie
909 825 975 889 alvi

146 941 148 944 ⁴
248 926 408 1011 posterius
430 934 542 990 tamen
565 926 651 990 hunc
674 927 766 991 tabes
789 928 958 1013 letumque
981 927 1144 1004 manebat,

248 1029 428 1093 autetiam
451 1030 575 1093 multus
597 1030 714 1114 capitis
737 1052 810 1094 cum
833 1053 929 1117 saepe
952 1032 1060 1096 dolore

248 1141 417 1216 corruptus
439 1133 571 1218 sanguis
594 1133 732 1219 expletis
754 1134 887 1199 naribus
910 1135 1000 1198 ibat:

248 1235 311 1298 huc
333 1235 472 1300 hominis
496 1244 584 1301 totae
607 1237 689 1301 vires
712 1241 894 1322 corpusque
917 1238 1047 1302 fluebat.

249 1339 442 1423 profluvium
464 1362 557 1425 porro
580 1340 637 1426 qui
659 1342 758 1405 taetri
781 1341 948 1425 sanguinis
970 1362 1042 1404 acre

249 1442 380 1519 exierat,
403 1444 570 1507 tamenin
592 1466 706 1508 nervos
730 1444 806 1508 huic
828 1444 960 1508 morbus
983 1454 1017 1508 et
1039 1452 1130 1507 artus

249 1545 319 1609 ibat
342 1559 375 1610 et
397 1547 431 1610 in
454 1547 556 1632 partis
577 1547 730 1633 genitalis
753 1547 893 1633 corporis
916 1527 1053 1634 ipsasll*

249 1657 283 1712 et
304 1650 446 1736 graviter
468 1650 587 1735 partim
610 1659 796 1715 metuentes
817 1651 932 1714 limina
955 1650 1014 1715 leti

252 1752 405 1817 vivebant
427 1755 509 1818 ferro
531 1754 651 1839 privati
673 1763 767 1839 parte
789 1755 884 1832 virili,

189 1911 192 1917 .
251 1866 285 1919 et
307 1857 456 1922 manibus
478 1859 548 1922 sine
570 1859 718 1923 nonnulli
742 1859 944 1944 pedibusque
968 1857 1144 1923 manebant

171 2007 174 2011 .
252 1960 287 2022 in
310 1961 377 2024 vita
399 1969 518 2038 tamen,
541 1971 576 2026 et
597 1963 779 2047 perdebant
801 1963 926 2026 lumina
948 1961 1085 2046 partim:
1129 2013 1143 2076 Ῡ

253 2084 356 2148 usque
378 2063 458 2128 adeo
480 2065 592 2130 mortis
615 2075 724 2130 metus
747 2065 798 2130 his
820 2066 996 2130 incesserat
1017 2022 1118 2142 acerl

251 2175 349 2253 atque
371 2169 471 2232 etiam
494 2170 649 2255 quosdam
672 2192 785 2256 cepere
808 2170 928 2235 oblivia
949 2191 1057 2233 rerum
1177 2218 1194 2263 Μ

252 2279 452 2348 cunctarum·
470 2295 577 2358 neque
599 2295 633 2338 se
655 2281 787 2357 possent
809 2294 997 2358 cognoscere
1020 2281 1058 2335 ut
1080 2231 1166 2356 ipsil

254 2376 420 2461 multaque
444 2376 536 2440 humi
558 2400 632 2440 cum
654 2377 825 2441 inhumata
847 2376 990 2440 iacerent
1013 2397 1143 2460 corpora
1166 2397 1262 2459 supra

253 2480 445 2564 corporibus
468 2488 579 2544 tamen
601 2480 741 2544 alituum
764 2501 868 2566 genus
890 2487 999 2564 atque¹
1012 2479 1152 2542 ferarum
1269 2479 1349 2543 1216

253 2592 311 2645 aut
332 2583 443 2666 procul
464 2583 645 2668 apsiliebat‚
667 2592 706 2647 ut
727 2604 832 2647 acrem
856 2583 979 2646 exeiret
1001 2580 1138 2657 odorem,

254 2684 321 2762 aut,
344 2686 400 2750 ubi
422 2695 578 2771 gustarat,
601 2688 777 2772 languebat
799 2695 903 2750 morte
926 2666 1158 2787 propinqua}n

256 2811 316 2854 nec
337 2798 447 2854 tamen
470 2792 600 2854 omnino
622 2799 745 2856 temere
768 2790 832 2854 illis
855 2790 977 2854 solibus
1000 2790 1067 2852 ulla

257 2893 461 2977 comparebat
483 2893 560 2970 avis,
583 2915 641 2957 nec
664 2895 772 2958 tristia
793 2895 898 2958 saecla
921 2894 1060 2958 ferarum
1269 2907 1351 2954 1220

1071 1194 1086 1248 1

148 3086 217 3144 coyei
232 3084 283 3133 and
299 3086 379 3146 1199;
396 3099 425 3135 so
436 3100 447 3134 1
458 3087 490 3135 84
505 3101 567 3137 mss.
588 3090 696 3147 Triviai
708 3103 730 3136 11
747 3088 795 3138 636
810 3091 901 3137 Armet
917 3096 951 3136 et.
984 3089 1076 3136 rictum
1090 3085 1180 3136 Lamb.
1197 3085 1236 3134 ior
1250 3091 1351 3133 rectum.

148 3166 310 3228 Duratusqnc
328 3169 409 3216 horret
425 3172 504 3217 rictus
522 3168 579 3219 Vat.
600 3171 671 3220 3276.
708 3172 876 3219 inhorrescens
899 3171 991 3218 ricton
1007 3168 1085 3218 Lach.
1112 3168 1179 3217 aiter
1195 3165 1353 3228 Rutgersius.

150 3247 294 3296 inhorrebat
305 3251 396 3298 n'ctnrn
406 3250 498 3299 Lamb.
532 3254 561 3300 in
576 3267 616 3300 ore
633 3254 717 3301 iacens
732 3254 800 3300 netu
815 3251 924 3301 Nonius.
962 3258 1032 3300 tenta
1043 3252 1151 3299 tumebat
1163 3249 1254 3299 Heins.
1267 3247 1295 3296 in
1305 3261 1353 3295 ms.

150 3330 225 3376 notes
236 3329 289 3378 and
300 3331 378 3380 Lech.
391 3333 431 3380 lor
443 3340 511 3382 tento
523 3336 612 3383 metat.
647 3342 712 3383 tecta
728 3336 827 3383 meabat
843 3334 914 3383 Nicc.
952 3341 1022 3382 tento
1032 3334 1130 3382 metat
1141 3332 1207 3381 Flor.
1223 3332 1253 3379 31
1266 3330 1355 3380 (lamb.

150 3411 165 3457 2
177 3409 235 3459 Vat.
249 3411 319 3461 Mon.
354 3420 423 3463 tenta
433 3418 548 3465 manebat
558 3416 659 3466 Nonius
670 3417 692 3465 B
704 3431 769 3466 corr.
782 3416 839 3465 Vat.
852 3417 925 3466 3276.
1057 3413 1121 3465 1196
1132 3415 1212 3476 riyidi
1224 3412 1304 3462 Lech.
1316 3413 1356 3462 ior

148 3494 243 3553 riyida.
273 3502 331 3556 poet
343 3504 422 3544 artas.
452 3505 510 3559 poet
521 3501 597 3547 strati
608 3498 699 3547 hamb.
729 3500 853 3560 prostrati
866 3497 941 3546 Pont.
954 3496 1026 3546 Junt.
1169 3496 1232 3545 1199
1244 3497 1295 3544 ibei
1306 3493 1356 3542 Ed.

151 3573 192 3623 ior
206 3581 234 3622 nt
250 3583 301 3623 eet:
318 3577 369 3625 ibei
385 3576 487 3626 became
502 3577 559 3627 first
574 3581 636 3639 luet,
650 3578 712 3627 then
726 3587 756 3627 nt
772 3587 824 3628 eet:
842 3593 884 3627 see
900 3592 926 3628 n.
945 3582 972 3626 to
989 3578 1060 3629 1195.
1095 3579 1141 3625 vin
1155 3575 1234 3626 Laoh.
1248 3574 1357 3624 without

152 3654 229 3704 force.
329 3658 391 3706 1200
406 3659 534 3707 Ulceribus
545 3658 637 3708 Lamb.
653 3661 719 3708 aiter
734 3659 898 3722 Thucydides
910 3660 950 3708 ior
965 3661 1110 3708 Viceribus:
1128 3658 1202 3707 iand
1214 3660 1224 3706 l
1234 3657 1359 3706 confused

152 3751 181 3786 as
197 3738 225 3786 in
242 3739 290 3788 500
305 3739 379 3788 other
393 3740 495 3802 places:
514 3755 542 3790 so
560 3742 621 3792 1271
642 3744 780 3799 Viceribns,
806 3743 943 3791 Visceribus
960 3744 981 3789 A
997 3756 1063 3790 corr.
1080 3740 1149 3790 Nico.
1168 3740 1235 3802 vulg.
1254 3739 1315 3788 here
1329 3753 1358 3788 as

151 3818 230 3869 there.
266 3820 339 3870 Wsk.
354 3820 382 3868 in
395 3820 457 3869 both
472 3822 558 3884 places
574 3837 666 3886 argues
681 3824 721 3871 ior
734 3826 886 3881 visceritne;
904 3824 950 3872 but
962 3823 984 3870 A
996 3822 1080 3872 andB
1099 3820 1359 3872 nichoteranae

151 3904 276 3951 innitur
285 3920 293 3962 ;
316 3904 379 3951 1148
397 3905 524 3964 Sanquine
543 3912 566 3953 et
581 3907 722 3964 viceribacs5
740 3920 756 3952 v
773 3906 821 3956 995
837 3908 1023 3969 superviente
1040 3912 1113 3962 tetra,
1129 3906 1227 3953 viscera
1242 3906 1264 3951 A
1278 3917 1358 3961 corr.;

154 3998 181 4032 rv
196 3984 261 4033 1068
279 3986 353 4033 Vicns
368 3987 440 4044 enin,
464 3987 539 4034 Ulcae
554 3986 577 4034 A
592 4001 673 4037 corn:
694 3986 756 4034 thus
772 3987 800 4034 in
815 4001 891 4049 every
902 3987 976 4048 place
987 3985 1070 4034 where
1086 3985 1131 4034 the
1144 3985 1215 4033 word
1227 3998 1316 4033 occurs
1330 3984 1360 4032 in

153 4064 228 4114 Lucr.
246 4080 294 4113 our
310 4064 363 4113 sole
379 4064 489 4127 original
506 4065 640 4129 authority
657 4067 814 4116 substituted
831 4070 841 4116 i
859 4068 900 4116 lor
918 4070 943 4118 l:
962 4066 1015 4115 this
1032 4082 1093 4129 may
1109 4081 1179 4115 servs
1195 4069 1223 4114 to
1241 4065 1309 4114 shew
1326 4080 1360 4114 on

154 4148 223 4198 what
239 4148 321 4210 sandy
336 4148 504 4197 ioundations
519 4149 593 4201 Wak.
612 4150 704 4208 builds,
717 4150 791 4200 when
806 4150 840 4199 ha
854 4150 997 4200 maintains
1011 4152 1093 4199 icone
1109 4152 1245 4199 coniectum
1255 4163 1362 4198 umorem

154 4232 257 4293 against
267 4233 410 4290 conlectum,
424 4230 477 4279 and
488 4231 546 4294 fifty
557 4231 673 4280 suchlike
684 4247 764 4283 cases.
864 4234 928 4282 1205
940 4235 984 4295 qui
995 4231 1087 4282 Lamb.
1099 4232 1139 4280 for
1150 4233 1199 4280 cnl.

188 4314 251 4361 1212
264 4315 304 4362 liis
316 4313 385 4362 Mon.
397 4313 468 4362 Brix.
481 4314 555 4363 Junt.
568 4315 609 4363 ior
618 4318 660 4366 iis.
697 4318 720 4365 ie
732 4316 801 4367 Flor.
815 4317 846 4364 31
859 4316 949 4365 (lamb.
1075 4318 1211 4364 incesserat
1219 4313 1309 4362 Lamb.
1323 4314 1363 4362 for

154 4397 302 4445 incusserat.
434 4395 496 4446 1217
509 4399 603 4446 exeiret
614 4397 703 4456 Lach.¹
717 4401 797 4447 exiret
812 4397 883 4448 Brix.
898 4398 939 4447 ior
951 4399 1051 4449 exciret.
1187 4396 1250 4445 1219
1260 4397 1362 4445 rottae.
