3008 4800
767 201 785 264 Ι

277 364 363 449 quod
386 363 448 428 tibi
469 368 620 450 cognosse
643 362 675 425 in
700 361 812 426 multis
835 361 897 426 erit
920 361 1002 426 utile
1024 361 1121 426 rebus

278 489 336 532 nec
359 467 444 531 sinet
466 475 627 531 errantem
650 464 800 529 dubitare
824 473 858 529 et
879 487 1033 550 quaerere
1056 487 1183 550 semper

277 568 317 633 de
340 591 468 633 summa
490 590 597 632 rerum
620 576 654 631 et
676 566 794 631 nostris
816 566 960 632 diffidere
983 556 1101 664 dictis[

280 688 482 740 Qunenon‘rnn
503 687 596 728 iocus
618 686 670 727 nsn
691 685 838 727 mnncnus
860 685 956 726 minu
976 686 1156 739 vnccnsoun

276 769 362 855 quod
385 770 412 833 si
435 790 501 832 non
523 775 615 842 esset,
638 764 727 828 nulla
749 765 874 829 ratione
896 765 1018 830 moveri
1045 833 1049 840 ,

275 895 326 937 res
348 879 501 957 possent;
531 889 670 953 namque
693 867 836 953 officium
858 867 944 952 quod
965 868 1106 952 emporis
1129 876 1246 943 exstat,

275 974 399 1038 officere
420 980 520 1057 atque
542 970 677 1046 obstare,
699 967 733 1033 id
755 969 789 1032 in
811 968 900 1033 omni
922 977 1067 1055 tempore
1089 970 1216 1034 adesset

275 1077 444 1156 omnibus;
473 1075 560 1139 haud
583 1073 686 1160 igitur
707 1073 880 1160 quicquam
903 1073 1073 1158 procedere
1096 1082 1213 1158 posset,

274 1180 468 1268 principium
491 1179 643 1266 quoniam
666 1177 801 1243 cedendi
824 1177 913 1242 nulla
934 1177 1027 1242 duret
1049 1161 1125 1268 resi

209 1357 225 1370 υ
273 1293 308 1349 at
331 1306 417 1348 nunc
439 1305 497 1369 per
519 1283 620 1347 meria
641 1305 678 1346 ac
701 1291 803 1347 terras
825 1281 1027 1367 sublimaque
1049 1280 1130 1345 caeli

274 1388 378 1452 multa
400 1386 502 1451 modis
525 1385 638 1450 multis
659 1384 750 1450 varii]
770 1384 895 1449 ratione
918 1384 1039 1448 moveri
1075 1412 1078 1415 ·

273 1492 433 1556 cernimus
455 1498 532 1555 ante
555 1489 670 1566 oculos,
693 1511 784 1575 quae,
807 1489 922 1553 sinon
944 1497 1029 1554 esset
1051 1488 1157 1565 inane,

272 1617 337 1659 non
360 1603 428 1659 tam
450 1592 587 1658 sollicito
608 1601 701 1657 motu
723 1592 852 1677 privata
873 1601 1020 1656 carerent

273 1719 370 1784 quam
392 1696 505 1783 genita
527 1694 656 1759 omnino
678 1694 769 1758 nullo
790 1693 916 1759 ratione
939 1693 1085 1770 fuissent,

272 1801 416 1886 undique
438 1799 590 1863 materies
612 1796 765 1883 quoniam
787 1797 910 1882 stipata
931 1787 1099 1894 quiesseti

227 1910 233 1918 “
272 1912 439 1990 practerea
460 1900 608 1987 quemvis
629 1899 751 1964 solidae
772 1921 823 1964 res
845 1921 914 1964 esse
936 1907 1104 1985 putentur,

271 2007 346 2071 hinc
368 2014 478 2071 tamen
502 2026 570 2070 esse
592 2003 669 2068 licet
689 2025 760 2069 raro
783 2023 865 2071 cum
879 2024 1008 2088 corpore
1030 1990 1162 2089 cernas.)

270 2113 305 2176 in
327 2110 412 2175 saxis
435 2132 472 2174 cc
494 2107 664 2194 speluncis
677 2075 848 2205 phrpnanat
868 2129 1026 2192 aquarum

269 2215 411 2301 liquidus
434 2234 527 2278 umor
549 2221 583 2277 et
606 2194 767 2276 uberibus
779 2175 861 2276 ¹flenit
882 2212 991 2276 omnia
1011 2180 1221 2318 guttisi³

268 2319 436 2406 dissipat
427 2342 461 2383 1n
483 2340 596 2404 corpus
619 2339 687 2382 sese
709 2293 808 2381 cilius
822 2339 917 2381 omne
938 2297 1171 2426 animantum}

268 2431 417 2490 crescunt
438 2423 572 2487 arbusta
593 2428 628 2485 et
648 2396 767 2533 ΒΘΒΒΒ
744 2443 793 2534 pp
815 2428 992 2514 tempore
984 2419 1135 2497 fundunt,

268 2526 354 2614 quod
376 2524 499 2590 cibus
490 2547 525 2588 m
547 2531 633 2588 totus
654 2545 758 2625 usqpe
778 2522 822 2588 ab
844 2510 1039 2588 radicibus
1030 2523 1104 2588 nnis

268 2653 325 2717 per
347 2639 478 2728 truncos
500 2651 537 2693 ec
559 2651 617 2715 per
638 2650 744 2692 remos
766 2627 962 2693 diffunditur
983 2650 1096 2693 omn1s
1108 2602 1115 2726 Ι

267 2737 353 2799 inter
375 2730 487 2820 saepta
509 2742 621 2799 meant
642 2755 734 2799 voces
755 2742 791 2800 et
812 2734 922 2798 clausa
943 2733 1111 2798 domorum

270 2837 508 2914 transvolitant,
529 2837 669 2924 rigidum
694 2829 864 2923 permanat
887 2836 990 2922 higus
1012 2837 1054 2900 ed
1077 2858 1158 2914 ossa,
1215 2895 1217 2898 .
1321 2854 1338 2918 3
1344 2850 1384 2918 55
1468 2825 1471 2831 ¹

268 2939 354 3026 quod
376 2939 439 3004 nisi
461 2939 571 3004 inania
592 2939 667 3016 sint,
689 2962 754 3025 qua
777 2939 902 3026 possint
916 2961 1057 3028 ¹<torpens
1079 2961 1229 3025 quaeque

179 3121 254 3166 notes
271 3117 301 3164 2:
326 3115 395 3177 ‘lege
410 3114 531 3164 videndo’
547 3114 632 3166 Bentl.
784 3116 833 3165 994
848 3115 935 3164 BentL
954 3129 1013 3176 says
1031 3114 1102 3165 ‘dele
1118 3118 1212 3179 vers.’;
1235 3117 1288 3167 and
1303 3117 1384 3168 Iscch.

179 3196 261 3247 shews
275 3196 335 3247 that
350 3211 425 3246 sense
439 3195 492 3246 und
507 3210 635 3258 grammor
649 3210 728 3258 prove
742 3195 799 3245 him
813 3201 841 3246 to
855 3196 887 3245 bc
901 3195 979 3258 right.
1014 3197 1123 3260 Spengel
1137 3198 1167 3247 in
1181 3197 1227 3248 the
1243 3199 1384 3250 Muonchn.

180 3280 235 3331 Gel.
249 3280 315 3329 Anz.
328 3278 381 3328 cni
392 3278 480 3328 others
491 3277 524 3328 do
535 3282 582 3328 not
592 3277 671 3328 mend
681 3277 726 3328 the
736 3281 831 3328 mutter
841 3277 876 3342 by
886 3277 990 3340 placing
1000 3277 1022 3326 it
1032 3279 1099 3328 citer
1110 3281 1167 3330 345.

227 3362 276 3411 347
293 3362 352 3411 licet
368 3360 440 3410 Nico.
457 3361 498 3410 ior
515 3363 609 3410 liceret.
731 3361 779 3412 349
789 3363 856 3424 flent
872 3360 941 3410 Nice.
954 3361 1021 3423 fient
1036 3361 1096 3409 AB:
1120 3363 1169 3411 386
1180 3364 1242 3427 fiat.
1253 3366 1306 3427 flat
1322 3363 1383 3415 AB:

178 3446 227 3496 372
238 3432 319 3493 'atum
335 3444 397 3492 AB:
420 3444 469 3494 449
488 3446 572 3494 civeut
589 3444 652 3493 AB:
677 3443 726 3493 580
744 3446 845 3493 cineam
863 3442 925 3493 AB:
950 3441 1005 3492 this
1024 3444 1161 3494 confusion
1181 3446 1210 3500 oi
1231 3445 1312 3496 lond
1330 3449 1341 3496 i
1360 3444 1383 3496 is

177 3524 319 3590 perpetual.
360 3525 393 3574 In
409 3524 454 3574 the
471 3524 548 3574 small
563 3523 665 3574 Romen
681 3525 784 3587 capital,
803 3525 832 3574 oi
846 3522 892 3573 the
907 3523 1040 3574 Medioenn
1056 3526 1085 3576 oi
1100 3525 1182 3590 Virgil
1198 3528 1238 3576 ior
1253 3527 1381 3589 instance,

176 3609 205 3659 in
224 3607 310 3657 which
330 3621 401 3657 some
420 3610 540 3657 ancestcr
558 3607 587 3657 oi
604 3622 651 3657 our
669 3622 732 3657 mss.
751 3611 823 3656 must
841 3607 906 3656 hove
925 3607 990 3656 been
1008 3609 1120 3669 written,
1142 3609 1215 3660 these
1232 3610 1321 3660 letters
1340 3625 1384 3660 cre

179 3692 250 3741 often
268 3688 529 3752 undistinguishoble.
618 3689 667 3740 356
680 3692 777 3753 possint
794 3689 844 3738 Ed.
861 3689 1030 3752 torpescent:
1053 3690 1086 3753 by
1096 3691 1228 3755 chnuging
1243 3691 1288 3742 the
1303 3706 1383 3756 punc

177 3771 280 3823 tustion
296 3772 325 3821 oi
340 3774 387 3823 357
404 3771 418 3819 Ι
433 3770 499 3820 hove
516 3771 591 3820 mode
607 3771 653 3821 the
670 3774 790 3820 sentence
806 3772 877 3832 quite
893 3771 975 3834 plain.
1018 3773 1121 3835 Madvig
1137 3773 1239 3824 emench
1255 3774 1382 3824 livianus

176 3869 202 3917 p.
222 3855 270 3903 302
288 3868 315 3902 n.
333 3859 441 3916 ‘possem
454 3855 557 3916 possim,
570 3860 654 3916 posset
668 3856 750 3916 possit
766 3857 888 3916 perpetuo
904 3867 989 3903 errore
1006 3858 1187 3916 permutantur
1194 3855 1210 3914 ‘,
1226 3855 1280 3906 and
1296 3871 1322 3919 p.
1334 3856 1383 3905 550

178 3945 299 4002 ‘ponent
334 3935 498 3985 scribendum
516 3938 622 3998 possint.
657 3949 710 3984 non
729 3935 941 3996 aberraturum,
963 3940 993 3985 ut
1013 3951 1089 3999 saepe
1107 3937 1170 3995 dixi,
1190 3936 1242 3986 nisi
1261 3938 1307 3987 ubi
1328 3952 1382 3987 nnn

176 4019 265 4070 littera
279 4018 378 4067 formos
393 4016 507 4074 distant3
528 4025 590 4066 met
605 4031 652 4078 pro
667 4020 702 4066 eit
717 4016 842 4079 scriptum
858 4030 912 4066 non
927 4019 1061 4079 reperins’.
1097 4019 1144 4069 See
1158 4021 1221 4078 2073
1239 4018 1292 4068 und
1302 4019 1382 4069 below

175 4103 224 4153 593
235 4102 284 4152 597
295 4099 348 4149 and
359 4098 415 4156 645,
428 4098 456 4146 in
472 4097 508 4147 cll
523 4097 608 4146 which
621 4098 709 4159 places
724 4097 738 4145 I
753 4096 819 4146 hove
833 4097 935 4147 written
949 4102 1048 4162 possim
1063 4100 1103 4149 ior
1115 4109 1225 4164 ponent.
1258 4100 1383 4152 whether

175 4181 238 4232 with
253 4181 329 4231 Pont
342 4180 416 4231 Junt.
430 4178 520 4228 Lcmb.
536 4178 615 4228 Lech
629 4183 677 4228 otc
695 4192 748 4240 you
761 4182 904 4240 punctuate
920 4182 993 4241 Quod
1007 4197 1032 4232 vu
1051 4185 1070 4230 i.
1085 4186 1147 4244 etot,
1164 4199 1189 4246 q.
1200 4192 1303 4247 possent
1317 4200 1341 4234 c.
1356 4201 1381 4248 q.

176 4264 297 4311 Transire
310 4263 333 4310 h
348 4262 406 4322 tus.
418 4276 438 4310 r.
453 4275 530 4317 v.‚or
541 4258 603 4308 with
619 4259 671 4308 Gii.
684 4258 925 4309 creenwmtc
938 4262 1019 4324 Quod,
1032 4278 1058 4313 ιι
1072 4265 1090 4314 ι’,
1104 4278 1236 4327 ⁸.q.p.c.
1251 4280 1276 4327 q.
1289 4265 1380 4314 stm-

173 4347 222 4402 ire‚
235 4345 260 4391 5.
272 4358 297 4392 u.
312 4343 336 4403 s.
351 4358 372 4389 r.
384 4357 418 4403 v.‚
432 4341 460 4389 in
476 4340 559 4391 either
575 4354 631 4390 csse
644 4354 696 4403 you
710 4344 754 4402 get
770 4339 1004 4404 hnrdlygrnmmnr
1019 4358 1049 4393 or
1066 4359 1156 4396 senso:
1177 4345 1208 4395 in
1223 4346 1272 4397 557
1287 4346 1311 4395 B
1327 4346 1381 4397 sud
