3008 4800
263 384 443 460 concilium,
466 381 551 469 quod
575 382 670 446 inane
693 391 792 467 queat
815 404 921 446 rerum
945 363 1128 465 cohiberel

265 487 415 551 materies
437 485 548 572 igitur,
570 483 671 548 solido
695 506 778 569 quae
800 507 929 570 corpore
952 494 1087 562 constat,

263 613 331 655 esse
354 598 486 654 aeterna
507 596 624 674 potest,
647 610 721 651 eum
744 597 851 653 cetera
872 584 1114 673 dissoluantur}

264 703 335 756 tum
358 714 452 777 porro
474 693 502 754 si
525 691 571 766 nil
589 699 679 754 esset
702 691 788 775 quod
810 691 905 754 inane
927 700 1065 768 vocaret,

262 818 356 860 omne
377 795 460 859 foret
482 793 641 872 solidum3
666 793 729 857 nisi
752 802 862 857 contra
884 815 1014 878 corpora
1035 802 1123 858 certa
1167 872 1168 876 Ἰ

264 908 372 964 essent
393 919 477 984 quae
500 897 568 961 loca
590 886 789 982 eomplerent
812 919 1034 982 quaecumque
1057 907 1215 975 tenerent,

182 1024 184 1028 ’
262 1025 357 1068 omne
379 1001 465 1087 quod
487 1010 546 1077 est,
567 1001 711 1086 spatium
733 1023 872 1066 vacuum
894 1010 1056 1066 constaret
1077 1002 1181 1068 inane.

262 1107 395 1171 alternis
417 1107 519 1192 igitur
540 1106 695 1171 nimirum
717 1127 832 1193 corpus
853 1107 942 1170 inani

264 1210 492 1286 distinetumsl‚
515 1202 668 1295 quoniam
690 1233 750 1275 nee
772 1212 905 1296 plenum
927 1211 1054 1276 naviter
1075 1219 1167 1276 extat

265 1336 323 1378 nec
345 1336 438 1400 porro
460 1336 607 1401 vacuum.
652 1323 730 1379 sunt
752 1336 828 1400 ergo
850 1337 981 1400 eorpora
1001 1325 1088 1379 certa

263 1440 347 1504 quae
370 1417 513 1503 spatium
535 1416 631 1501 pleno
653 1417 778 1502 possint
799 1417 1000 1504 distinguere
1022 1405 1142 1524 inanel

187 1563 233 1632 Η
246 1503 342 1643 plhaee
363 1542 469 1606 neque
490 1519 624 1585 dissolui
646 1521 751 1606 plagis
772 1520 971 1585 extrinsecus
992 1520 1057 1586 ieta

253 1634 398 1712 ..possunt
420 1647 480 1689 nee
502 1646 595 1710 porro
617 1624 750 1710 penitus
771 1633 942 1710 penetrata
964 1625 1068 1690 retexi

263 1750 322 1792 nee
343 1727 468 1792 ratione
490 1735 616 1813 queunt
637 1727 702 1791 alia
723 1734 886 1812 temptata
908 1728 1036 1807 labare;

263 1831 296 1895 id
317 1831 491 1917 quodiam
513 1853 611 1917 supra
632 1832 696 1896 tibi
717 1832 814 1917 paulo
836 1832 1036 1897 ostendimus
1058 1827 1163 1907 antel

263 1958 339 2000 nam
362 1957 467 2020 neque
488 1934 607 1999 conlidi
628 1935 699 1999 sine
721 1935 811 1999 inani
833 1957 926 2020 posse
948 1935 1078 2000 videtur

264 2039 436 2124 quiequam
460 2059 518 2102 nee
540 2039 645 2124 frangi
667 2060 727 2103 nec
749 2038 829 2103 findi
850 2039 886 2103 in
908 2024 985 2104 bina
1006 2040 1142 2104 secando

263 2164 321 2207 nec
343 2163 457 2226 cepere
478 2163 624 2205 umorem
646 2163 752 2227 neque
774 2141 855 2207 item
878 2143 1039 2208 manabile
1061 2143 1163 2230 frigus

262 2267 321 2310 nec
342 2246 542 2330 penetralem
564 2245 682 2332 ignem,
705 2246 824 2331 quibus
846 2248 954 2312 omnia
975 2233 1215 2370 conficiuntur*

160 2349 163 2355 ’
263 2359 297 2414 et
320 2373 383 2436 quo
406 2373 553 2437 quaeque
575 2351 679 2439 magis
701 2352 830 2417 cohibet
852 2375 903 2417 res
926 2353 1015 2417 intus
1037 2352 1143 2430 inane,

265 2462 332 2518 tam
355 2455 459 2542 magis
482 2455 532 2520 his
553 2456 650 2521 rebus
672 2456 805 2542 penitus
827 2464 989 2541 temptata
1011 2450 1177 2545 labascitl

265 2583 340 2648 ergo
363 2561 391 2625 si
413 2560 515 2624 solida
536 2583 574 2625 ae
595 2558 664 2624 sine
688 2559 778 2623 inani
799 2582 931 2645 corpora
952 2559 1057 2645 prima

264 2675 341 2730 sunt
363 2665 412 2728 ita
433 2664 484 2728 uti
506 2662 610 2740 docui,
632 2664 700 2728 sint
722 2663 802 2728 haec
825 2671 957 2728 aeterna
979 2656 1170 2780 neeessest.l

265 2777 432 2855 praeterea
453 2767 516 2832 nisi
538 2768 689 2832 materies
711 2776 844 2833 aeterna
866 2769 987 2846 fuisset,

264 2871 402 2937 antehae
423 2871 465 2935 ad
487 2871 592 2953 nilum
614 2871 747 2956 penitus
769 2893 820 2935 res
842 2893 989 2957 quaeque
1011 2871 1171 2936 redissent

266 2976 306 3040 de
329 2974 459 3059 niloque
475 2943 723 3038 iebffta'forent
746 2996 968 3060 quaecumque
989 2967 1160 3078 videmus}

265 3089 300 3144 at
321 3079 473 3164 quoniam
496 3100 593 3164 supra
614 3078 710 3143 docui
731 3079 779 3142 nil
801 3101 893 3165 posse
915 3081 1016 3144 creari

265 3183 305 3261 de
328 3182 394 3247 nilo
416 3204 521 3267 neque
543 3181 630 3266 quod
651 3182 802 3269 genitum
825 3193 874 3248 est
896 3184 937 3248 ad
960 3184 1006 3248 nil
1029 3184 1176 3259 revocari,

266 3309 334 3351 esse
357 3286 522 3350 inmortali
544 3285 720 3371 primordia
742 3309 871 3373 corpore
894 3286 1024 3364 debent,

259 3390 398 3483 dissolui
419 3413 483 3475 quo
506 3412 653 3476 quaeque
676 3412 827 3475 supremo
850 3399 995 3476 tempore
1018 3391 1150 3476 possint,

265 3490 415 3555 materies
439 3498 477 3554 ut
498 3490 688 3576 subpeditet
709 3492 806 3556 rebus
829 3492 1022 3578 reparandis.

178 2215 215 2277 {a

177 3735 232 3776 atet.
363 3728 411 3776 504
427 3742 509 3776 rerum
526 3729 604 3789 lonoess
639 3728 703 3790 ‘leg
722 3730 793 3790 lonpe
809 3728 906 3778 rerum’
923 3728 1006 3777 Bentl
1148 3731 1196 3781 517
1212 3732 1288 3780 inane
1304 3737 1380 3793 queat

175 3806 259 3858 'rerum
274 3821 356 3857 seems
372 3807 444 3869 quite
460 3808 538 3871 right.
571 3812 648 3867 inane
665 3813 695 3859 in
710 3813 779 3860 rebo'
797 3819 872 3873 queat
888 3808 967 3859 Laeh.
1007 3817 1098 3859 tectum
1114 3810 1179 3860 Mar.
1196 3811 1254 3860 Ald.
1273 3813 1287 3859 l
1304 3811 1376 3860 Junt.

177 3887 267 3940 Lamb.
282 3888 348 3938 adl
365 3888 418 3938 and
434 3890 457 3950 2,
471 3905 556 3940 verrom
571 3890 647 3942 Bam.
663 3893 704 3942 lor
718 3907 809 3942 rerum.
908 3893 956 3941 520
972 3898 1034 3941 esset
1050 3891 1072 3940 A
1089 3906 1155 3942 oorr.
1165 3893 1262 3942 Arane.
1279 3893 1319 3942 for
1335 3901 1379 3942 est.

177 3974 302 4034 siquidem
312 3973 351 4021 nil
362 3980 398 4022 est
409 3973 480 4022 Nico.
514 3976 648 4024 vocaretis
659 3975 705 4025 the
716 3974 852 4024 oldlorm:
871 3989 913 4023 see
923 3979 998 4023 notes
1010 3975 1033 4024 2.
1067 3982 1170 4024 vacaret
1180 3974 1260 4024 Laeli.
1333 3976 1380 4024 525

178 4055 365 4114 Distinetunnt,
384 4056 503 4116 quoniam
519 4054 609 4104 Lsmb.
627 4060 696 4106 most
715 4055 812 4119 rightly
829 4057 869 4105 for
886 4058 1040 4104 Distinctum
1059 4058 1177 4117 quoniam
1195 4054 1279 4105 which
1299 4057 1379 4107 Laeh.

177 4133 275 4184 retains
291 4133 430 4197 beginning
447 4135 491 4184 the
508 4136 627 4198 apodosis
644 4136 707 4186 with
723 4145 782 4186 aunt
798 4152 855 4199 erpo
872 4135 900 4185 in
916 4136 973 4185 526.
1007 4134 1092 4183 Ald.l
1109 4135 1163 4185 and
1178 4136 1252 4185 Junt.
1264 4151 1334 4187 seem
1351 4143 1378 4188 to

178 4215 237 4265 take
248 4217 395 4266 distinctam
408 4217 446 4266 lor
458 4220 605 4267 distinctum
615 4226 652 4269 est
663 4218 717 4269 and
727 4222 755 4268 to
766 4217 926 4268 understand
936 4216 981 4266 tho
991 4230 1099 4279 passage
1109 4216 1213 4280 rightly.
1331 4221 1378 4270 527

66 4281 71 4292 ⁸
174 4299 249 4360 pleno
266 4298 331 4348 Mar.
348 4299 406 4351 Ald.
425 4303 439 4349 1
456 4302 510 4350 and
526 4301 600 4350 Junt.
618 4302 658 4351 lor
672 4319 763 4366 poeno,
780 4300 833 4351 and
849 4305 925 4351 inane
942 4301 981 4350 for
997 4302 1080 4350 inani.
1165 4301 1213 4350 538
1223 4301 1293 4364 findi
1310 4300 1378 4374 Flor.

178 4378 290 4429 ³1Mon.
303 4380 361 4429 Ver.
374 4381 438 4433 Von.
451 4383 586 4446 forfondi.
686 4382 1206 4450 bltqoeremtobsnrbtorfflffl
1304 4439 1306 4444 .
