3008 4800
735 186 785 251 VI

239 349 364 414 fumida
384 371 458 415 cum
481 347 562 412 caeli
583 347 757 412 scintillare
779 349 888 413 omnia
910 351 1032 436 templa

240 461 407 518 cernentes
428 451 547 538 pavida
569 452 773 537 complebant
795 462 926 538 pectora
947 477 1031 532 cura,

239 556 318 641 quid
340 555 508 623 moliretur
530 577 637 619 rerum
659 564 777 619 natura
798 539 980 651 novarum}

284 659 383 724 Hisce
405 660 468 724 tibi
490 658 525 723 in
546 660 642 724 rebus
665 661 762 724 latest
785 660 915 746 alteque
937 662 1114 727 videndum

240 773 275 829 et
297 765 391 851 longe
413 772 546 828 cunctas
567 763 603 826 in
624 762 725 848 partis
748 762 994 849 dispiciendum,

240 876 279 933 ut
300 867 515 932 reminiscaris
536 887 696 930 summam
719 888 828 931 rerum
851 889 919 932 esse
941 870 1132 954 profundam

239 979 274 1036 et
296 970 405 1035 videas
426 970 552 1034 caelum
573 968 712 1032 summai
734 968 837 1033 totius
859 992 962 1034 unum

145 1101 149 1105 -
239 1094 337 1159 quam
359 1072 403 1136 sit
420 1070 560 1157 ¹parvula
580 1091 654 1154 pars
675 1078 710 1133 et
732 1091 831 1152 quam
854 1073 1039 1137 multesima
1060 1082 1194 1151 constet,

239 1198 304 1241 neo
321 1183 391 1240 tota
412 1196 495 1260 pars,
517 1173 611 1236 homo
634 1173 731 1236 terrai
752 1181 852 1258 quota
874 1176 975 1240 totius
997 1161 1104 1271 unual

238 1278 325 1365 quod
346 1278 429 1342 bene
451 1275 650 1360 propositum
672 1275 700 1339 si
721 1277 817 1361 plane
839 1290 1011 1345 contueare

237 1405 276 1447 ac
298 1381 408 1446 videas
429 1381 534 1467 plane,
556 1380 666 1444 mirari
687 1381 794 1445 multa
815 1359 1005 1487 relinquasl

238 1487 392 1573 numquis
413 1485 501 1550 enim
524 1492 670 1549 nostrum
692 1486 830 1549 miratur
851 1472 954 1570 siquis
975 1487 1010 1551 in
1031 1496 1123 1552 artus

239 1591 364 1676 accepit
386 1589 489 1655 calido
511 1589 627 1654 febrim
649 1590 772 1654 fervore
795 1599 936 1655 coortam

236 1702 297 1759 aut
319 1693 419 1758 alium
442 1692 589 1777 quemvis
610 1691 715 1756 morbi
736 1714 794 1776 per
815 1694 961 1757 membra
981 1650 1168 1778 doloremll

239 1796 438 1883 opturgescit
460 1796 547 1860 enim
569 1794 677 1859 subito
698 1816 765 1880 pes,
787 1795 903 1882 arripit
924 1819 998 1862 acer

235 1921 333 1985 saepe
356 1899 445 1964 dolor
466 1898 590 1974 dentes,
611 1898 719 1962 oculos
741 1898 869 1963 invadit
891 1900 926 1963 in
949 1900 1044 1985 ipsos,

239 2002 352 2068 existit
374 2011 463 2067 sacer
484 2001 570 2088 ignis
591 2010 625 2065 et
647 2001 714 2065 urit
736 2024 867 2087 corpore
890 2023 1020 2088 serpens

239 2128 476 2193 quamcumque
498 2105 635 2189 arripuit
656 2105 785 2190 partim,
807 2106 957 2192 repitque
978 2130 1037 2193 per
1058 2116 1157 2186 artus,

236 2211 393 2275 nimirum
416 2210 493 2296 quia
514 2218 591 2274 sunt
613 2210 790 2274 multarum
813 2211 938 2275 semina
959 2233 1076 2288 rerum,

239 2324 274 2381 et
296 2316 375 2380 satis
397 2315 477 2380 haec
498 2314 596 2378 tellus
617 2313 710 2379 nobis
732 2315 922 2400 caelumque
945 2316 1022 2380 mali
1045 2315 1116 2394 sert,

240 2421 327 2486 unde
349 2427 448 2507 queat
470 2419 519 2484 vis
540 2418 692 2483 immensi
713 2429 917 2504 procrescere
938 2421 1051 2487 morbi.

237 2523 410 2610 sicigitur
432 2521 495 2587 toti
516 2522 603 2586 caelo
625 2530 794 2607 terraeque
816 2523 1033 2608 putandumst

240 2651 280 2693 ex
303 2627 432 2691 infinito
454 2625 533 2690 satis
554 2624 663 2688 omnia
684 2624 903 2710 suppeditare,

240 2730 327 2794 unde
349 2737 483 2814 repente
505 2735 605 2813 queat
627 2727 725 2792 tellus
747 2727 900 2793 concussa
922 2729 1043 2794 moveri

238 2854 360 2919 perque
383 2853 531 2895 maresc
553 2838 654 2895 terras
675 2831 809 2915 rapidus
831 2854 1015 2918 percurrere
1038 2832 1145 2909 turbo,

240 2937 326 3023 ignis
348 2935 512 2999 abundare
536 2935 708 3011 Aetnaeus,
731 2935 950 3000 flammescere
971 2938 1115 3016 caelum;

240 3040 274 3103 id
297 3060 424 3125 quoque
447 3038 534 3103 enim
556 3037 596 3101 fit
617 3046 652 3102 et
674 3038 847 3104 ardescunt
869 3040 1021 3104 caelestia
1042 3041 1174 3125 templa,
1298 3043 1367 3122 670

240 3151 275 3209 et
297 3150 509 3228 tempestates
530 3141 659 3226 pluviae
680 3142 828 3228 graviore
850 3151 962 3207 coortu

240 3257 327 3325 sunt,
349 3247 406 3312 ubi
428 3248 509 3311 forte
531 3246 580 3310 ita
601 3268 634 3311 se
657 3246 841 3312 tetulerunt
863 3248 987 3311 semina
1008 3215 1189 3353 equaniml

239 3360 293 3416 ‘at
315 3351 412 3415 nimis
434 3359 484 3415 est
505 3350 620 3436 ingens
641 3351 770 3415 incendi
793 3351 943 3415 turbidus
965 3320 1091 3425 ardor.'l

240 3455 363 3520 scilicet
385 3462 419 3518 et
441 3453 559 3518 fluvius
582 3454 686 3539 quivis
708 3464 758 3519 est
780 3456 942 3519 maximus
964 3457 995 3520 ei

241 3557 298 3643 qui
320 3579 385 3621 non
407 3564 483 3620 ante
506 3557 646 3642 aliquem
669 3557 824 3634 maiorem
846 3558 940 3635 vidit,
962 3567 997 3624 et
1019 3559 1133 3646 ingens
1298 3559 1361 3641 675

241 3662 334 3727 arbor
356 3661 515 3745 homoque
538 3660 674 3739 videtur,
697 3670 732 3725 et
754 3662 863 3726 omnia
885 3661 926 3727 de
949 3685 1067 3749 genere
1090 3662 1178 3727 omni

150 3965 204 4000 ms.
216 3953 292 3999 notes
302 3949 342 3999 lor
354 3949 492 3997 Flammae.
607 3947 655 3998 648
666 3949 852 4012 dispiciendum
866 3951 936 4000 Niso.
952 3951 992 4000 for
1006 3952 1198 4014 despiciendum.
1314 3950 1365 4000 652

149 4031 292 4096 corrupted
308 4031 343 4094 by
359 4031 424 4081 Mar.
437 4030 511 4079 Junt.
526 4028 618 4079 Lamb.
633 4033 680 4082 etc.
781 4033 829 4082 653
843 4037 999 4097 propositam
1015 4035 1036 4082 B
1053 4049 1117 4085 corr.
1137 4033 1195 4083 Ver.
1212 4032 1276 4083 Van.
1297 4033 1366 4083 Mar.

157 4116 355 4179 forpropositur.
392 4111 718 4177 propositumcstFlor.81
731 4112 821 4166 Oamb.
867 4113 1277 4179 plaroeBoorr.Flor.310amb.
1292 4115 1366 4166 Mon.

149 4201 196 4249 *for
208 4200 291 4263 ploni.
392 4197 440 4247 663
456 4198 527 4245 nobis
543 4195 607 4244 Mar.
624 4195 697 4246 Junt.
713 4196 804 4248 Lamb.
823 4202 871 4247 eto.
890 4199 930 4249 for
946 4201 1025 4248 owrti
1041 4198 1127 4248 which
1143 4197 1191 4246 has
1208 4211 1281 4246 corne
1298 4197 1366 4248 from

150 4280 213 4331 oss.
249 4280 303 4328 orti
314 4276 394 4327 Lach.
510 4276 557 4326 674
568 4279 652 4338 quivis
664 4284 700 4326 est
711 4277 797 4328 Bentl.
809 4280 850 4328 for
865 4282 909 4343 qui
921 4283 996 4329 mous.
1031 4281 1156 4343 quirunt
1170 4276 1366 4329 Heinsinms.

151 4363 240 4424 notes,
255 4359 439 4411 andIs.Voss.
453 4358 483 4407 in
493 4373 541 4408 ms.
554 4362 636 4408 notes.
670 4360 925 4422 quinooesthamb.
959 4371 995 4412 est
1007 4362 1030 4410 is
1040 4361 1124 4411 added
1135 4362 1200 4411 alter
1210 4362 1234 4410 ei
1245 4360 1279 4423 by
1289 4361 1363 4414 Flor.
