3008 4800
724 236 774 299 IV

238 392 344 456 lurida
366 402 534 478 praeterea
557 393 641 457 fiunt
663 416 888 481 quaecumque
911 406 1048 461 tuentur

239 497 374 580 arquati,
397 496 475 580 quia
497 497 612 561 luroris
634 497 674 560 de
697 520 829 582 corpore
853 521 965 563 eorum

238 600 361 663 semina
382 599 487 662 multa
509 599 616 663 fluunt
639 599 819 664 simulacris
841 602 938 666 obvia
959 625 1078 679 rerum,

154 720 218 784 310
239 703 407 786 multaque
430 710 507 765 sunt
530 703 630 767 oculis
652 703 688 767 in
709 725 822 768 eorum
846 704 987 790 denique
1010 706 1121 782 mixta,

238 827 321 892 quae
343 814 479 891 contage
501 828 561 870 sua
583 807 759 891 palloribus
781 808 891 871 omnia
914 809 1062 894 pingunt.

240 931 257 973 e
281 909 423 973 tenebris
444 916 557 973 autem
579 931 663 994 quae
685 920 764 974 sunt
786 911 822 974 in
845 911 917 976 luce
941 920 1071 976 tuemur

238 1020 408 1097 propterea
429 1012 516 1096 quia,
538 1034 613 1076 cum
636 1013 766 1098 propior
788 1013 938 1098 caliginis
959 1037 1015 1078 aer

239 1121 310 1179 ater
331 1114 394 1178 init
416 1115 524 1179 oculos
546 1115 633 1199 prior
654 1124 689 1180 et
711 1116 859 1201 possedit
881 1125 1019 1201 apertos

154 1231 214 1299 315
240 1215 422 1302 insequitur
444 1218 585 1282 candens
607 1218 778 1283 confestim
801 1218 928 1282 lucidus
949 1241 1004 1283 aer

236 1320 294 1404 qui
316 1319 408 1405 quasi
429 1328 549 1405 purgat
571 1342 626 1385 eos
647 1342 686 1384 ac
708 1320 819 1406 nigras
842 1320 977 1384 discutit
999 1320 1129 1386 umbras

236 1422 327 1487 aeris·
340 1422 446 1502 illius3
474 1445 552 1486 nam
574 1423 688 1487 multis
710 1423 861 1509 partibus
884 1423 937 1487 hic
960 1432 1010 1488 est

237 1526 385 1613 mobilior
406 1527 585 1611 multisque
608 1526 766 1591 minutior
789 1534 823 1591 et
845 1549 941 1612 mage
963 1506 1109 1658 pollens,

237 1629 294 1714 qui
316 1629 413 1694 simul
436 1638 536 1715 atque
559 1629 627 1694 vias
650 1630 817 1694 oculorum
840 1629 912 1694 luce
934 1629 1071 1714 replevit

153 1749 216 1814 320
238 1740 337 1816 atque
359 1732 514 1816 patefecit
536 1754 618 1818 quas
639 1740 717 1797 ante
740 1732 912 1796 obsederat
938 1754 993 1796 aer

237 1842 315 1913 oter,
337 1835 491 1900 continuo
513 1857 622 1899 rerum
644 1834 818 1898 simulacra
840 1843 995 1898 secuntur

237 1960 319 2023 quae
341 1938 405 2002 sita
426 1946 504 2002 sunt
526 1938 562 2002 in
584 1935 674 2014 luces
687 1937 916 2023 lacessuntque
939 1947 977 2003 ut
1000 1919 1192 2055 videamus]

152 2043 213 2123 348
237 2041 323 2127 quod
345 2050 457 2106 contra
479 2041 583 2105 facere
605 2041 640 2104 in
663 2041 808 2105 tenebris
831 2063 849 2105 e
872 2041 944 2106 luce
966 2041 1137 2126 nequimus

235 2152 406 2230 propterea
427 2144 504 2230 quia
526 2144 684 2229 posterior
706 2143 856 2230 caliginis
878 2167 935 2209 aer

236 2247 368 2312 crassior
390 2247 573 2332 insequitur
595 2247 652 2332 qui
673 2256 793 2311 cuncta
817 2248 974 2311 foramina
996 2248 1136 2333 complet

236 2349 418 2436 obsiditque
441 2350 510 2414 vias
531 2351 705 2426 oculorum,
728 2371 770 2413 ne
793 2349 966 2414 simulacra

235 2453 360 2538 possint
382 2454 522 2518 ullarum
544 2475 652 2518 rerum
674 2453 823 2518 coniecta
845 2439 1004 2574 movere!

235 2557 472 2645 quadratasque
495 2557 607 2642 procul
629 2556 729 2621 turris
751 2579 827 2620 cum
849 2557 1011 2621 cernimus
1034 2557 1130 2632 urbis,

235 2669 404 2746 propterea
426 2661 464 2726 fit
487 2661 537 2725 uti
560 2661 734 2725 videantur
755 2683 853 2746 saepe
875 2661 1048 2737 rutundae,

235 2766 374 2851 angulus
396 2774 533 2850 optusus
554 2764 633 2850 quia
655 2765 751 2852 longe
774 2765 920 2829 cernitur
941 2765 1044 2829 omnis

235 2871 304 2934 sive
326 2871 426 2934 etiarn
449 2870 557 2955 potius
581 2893 645 2935 non
667 2871 813 2934 cernitur
835 2892 873 2934 ac
897 2870 982 2954 perit
1005 2869 1075 2934 eius

235 2974 330 3061 plaga
352 2996 412 3038 neo
433 2974 475 3038 ad
497 2982 624 3038 nostras
645 2973 731 3038 acies
754 2972 937 3057 perlabitur
960 2973 1053 3050 ictus,

235 3101 310 3143 aera
331 3099 388 3163 per
409 3078 552 3142 multum
575 3076 653 3162 quia
673 3075 755 3140 dum
778 3075 952 3141 simulacra
974 3077 1132 3153 feruntur,

234 3183 321 3269 cogit
343 3182 514 3247 hebescere
537 3204 612 3246 eum
635 3181 758 3246 crebris
781 3181 958 3246 offensibus
979 3163 1063 3272 aeni

235 3287 294 3352 hoc
316 3287 373 3351 ubi
396 3287 533 3372 suffugit
555 3309 686 3372 sensum
709 3287 807 3352 simul
830 3287 971 3374 angulus
993 3286 1105 3363 omnis,

234 3391 273 3455 fit
296 3391 387 3476 quasi
409 3398 448 3455 ut
470 3390 512 3454 ad
534 3397 665 3454 tornum
687 3412 840 3454 saxorum
863 3398 990 3455 structa
1010 3398 1175 3468 terantur;

233 3516 298 3558 non
321 3502 432 3558 tamen
454 3502 493 3559 ut
515 3515 623 3558 coram
645 3494 730 3580 quae
753 3503 832 3559 sunt
855 3516 995 3579 vereque
1017 3493 1167 3568 rutunda,

147 3672 216 3721 Nico.
230 3671 350 3733 wrongly.
460 3673 592 3721 statutus
603 3672 672 3721 Flor.
686 3672 717 3721 31
730 3671 820 3720 (lamb.
833 3670 891 3720 Ver.
905 3671 969 3720 Ven.
982 3671 1047 3720 Mar.
1060 3671 1197 3720 fororum.
1305 3671 1352 3718 345

147 3751 195 3802 346
210 3768 255 3802 cer·
270 3754 332 3801 Ater·
345 3752 423 3802 Bern.
441 3753 481 3801 for
497 3753 566 3801 Ater.
609 3761 671 3812 ater,
689 3755 758 3802 Aera
773 3752 854 3803 Lach.
899 3761 955 3801 oter
973 3753 1096 3802 Continuo
1114 3767 1134 3801 r.
1153 3767 1173 3801 s.
1193 3751 1315 3812 adaperta
1332 3766 1352 3799 ε.

146 3833 216 3884 Flor.
234 3835 265 3882 31
288 3834 375 3883 Camb.
399 3834 467 3895 vulg.
490 3833 600 3884 without
622 3834 752 3897 meaning.
888 3835 936 3882 351
959 3849 1005 3896 que
1027 3836 1083 3883 vias
1106 3834 1127 3882 B
1150 3821 1214 3882 corr.
1237 3832 1305 3880 Flor.
1323 3832 1353 3879 31

148 3914 237 3965 Camb.
254 3915 319 3964 Mar.
338 3915 377 3964 for
393 3918 463 3978 quia.
572 3916 620 3980 352
636 3919 751 3966 contecta
767 3916 835 3964 Mar.
853 3915 910 3965 Ald.
931 3916 1035 3965 1Junt.
1053 3916 1093 3964 lor
1111 3922 1231 3964 contecta.
1264 3928 1357 3962 rrioucre

147 3997 232 4047 Bentl.
244 3996 340 4059 rightly
350 3996 390 4046 for
400 3999 500 4047 owueri.
634 3998 683 4048 357
694 4000 762 4047 actea
775 3998 846 4047 Nico.
858 3998 880 4045 Β
893 4012 958 4046 corr.
971 3997 1011 4047 for
1021 4004 1083 4046 uter.
1113 3998 1253 4060 perlabitur
1264 3995 1353 4043 Lamb.

146 4077 186 4129 ed.
205 4080 220 4126 3
234 4078 291 4127 first
306 4078 346 4127 for
360 4079 518 4140 demetitum
537 4079 604 4128 lrom
620 4077 706 4127 whom
722 4079 773 4128 Gir
790 4079 830 4128 cd.
844 4080 858 4126 2
871 4078 933 4128 took
948 4079 969 4127 it
985 4078 1094 4128 without
1110 4077 1352 4139 acknowledgment.

146 4160 304 4209 &attrahitur
320 4159 392 4211 Nicc.
427 4162 555 4210 delabitur
571 4162 667 4210 Awana.
701 4163 822 4210 illabitur
837 4161 903 4211 Mar.
923 4162 998 4210 lunt.
1032 4164 1162 4210 adlabitur
1178 4161 1268 4210 Lamb.
1285 4159 1353 4210 ed.l

147 4241 235 4291 andt.
269 4241 548 4291 crobernensem
636 4243 684 4292 361
697 4251 797 4293 tornum
808 4243 877 4292 Flor.
890 4243 1018 4292 stava.
1032 4242 1104 4291 Brix.
1116 4242 1181 4292 Mar.
1196 4242 1235 4291 for
1247 4251 1353 4291 turnum.

148 4331 239 4376 tortum
250 4324 338 4374 (lamb.
367 4333 481 4374 terantur
492 4325 541 4375 Ed.
554 4326 595 4376 lor
606 4333 718 4376 tuantur.
748 4335 850 4375 tuemur
861 4325 950 4387 nach„
965 4325 1012 4374 but
1023 4328 1058 4375 od
1070 4333 1166 4375 tomum
1176 4324 1225 4374 has
1236 4340 1269 4373 no
1281 4339 1355 4374 sense

147 4421 178 4458 or
193 4407 371 4459 construction
383 4408 446 4458 with
463 4416 567 4458 tricator
582 4423 612 4458 or
624 4415 731 4469 tuemur,
746 4423 776 4458 as
786 4407 879 4458 Lamb.
892 4423 952 4469 saw,
965 4407 1022 4457 who
1037 4407 1110 4456 reads
1121 4414 1222 4456 tornato
1233 4413 1260 4455 ut
1271 4407 1310 4455 lor
1320 4409 1355 4456 od
