3008 4800
730 212 784 276 III

249 372 371 452 turbat,
392 395 493 461 agens
515 373 658 437 animam
680 387 820 458 spumat,
841 373 933 459 quasi
955 374 989 438 in
1011 397 1148 460 aequore
1171 376 1252 440 salso

247 484 419 541 ventorum
442 477 559 540 validis
582 477 764 541 fervescunt
787 477 909 543 viribus
931 477 1045 544 undae.
1056 462 1065 578 l

248 581 442 665 exprimitur
464 603 558 667 porro
580 581 731 668 gemitus,
752 581 830 666 quia
852 584 996 648 membra
1018 583 1124 648 dolore
1297 601 1363 666 495

248 684 446 748 adficiuntur
468 693 503 750 et
525 685 656 749 omnino
678 685 764 770 quod
786 687 910 750 semina
932 687 1017 751 vocis

248 786 412 851 eiciuntur
434 797 469 852 et
492 809 546 851 ore
569 788 652 851 foras
673 788 852 874 glomerata
874 789 1021 854 feruntur

248 911 312 974 qua
334 891 428 974 quasi
450 899 647 955 consuerunt
668 899 703 955 et
725 899 803 956 sunt
825 893 953 956 munita
973 857 1066 987 viail

247 992 444 1078 desipientia
466 992 514 1071 fit,
537 993 614 1078 quia
636 993 685 1056 vis
707 993 808 1057 animi
829 1001 928 1078 atque
949 995 1071 1059 animai

247 1096 462 1160 conturbatur
484 1104 527 1173 et,
549 1106 588 1160 ut
609 1095 712 1170 docui,
735 1096 842 1160 divisa
862 1117 1004 1161 seorsum
1071 1116 1077 1125 ’

247 1197 441 1262 disiectatur
463 1198 576 1262 eodem
599 1197 655 1262 illo
680 1197 835 1262 distracta
857 1177 1003 1284 venenol

248 1301 322 1366 inde
346 1302 404 1366 ubi
425 1302 492 1365 iam
515 1301 619 1365 morbi
641 1301 769 1366 reflexit
790 1323 887 1366 causa
908 1301 1055 1387 reditque

199 1400 201 1405 ’
248 1403 283 1466 in
305 1403 446 1468 latebras
467 1425 541 1466 acer
562 1404 705 1488 corrupti
727 1404 867 1488 corporis
889 1426 990 1480 umor,

248 1514 321 1570 tum
343 1505 438 1591 quasi
460 1505 632 1569 vaccillans
655 1505 795 1590 primum
818 1506 982 1592 consurgit
1004 1515 1038 1571 et
1061 1507 1164 1571 omnis

249 1610 411 1695 paulatim
433 1609 520 1674 redit
543 1609 577 1672 in
599 1631 712 1673 sensus
733 1608 939 1694 animamque
960 1588 1127 1708 receptatl

250 1712 330 1776 haec
353 1711 457 1798 igitur
479 1711 583 1774 tantis
606 1711 664 1775 ubi
686 1710 805 1775 morbis
826 1732 955 1796 corpore
977 1711 1012 1775 in
1034 1711 1104 1797 ipso

249 1814 413 1878 iactentur
435 1813 625 1898 miserisque
648 1813 751 1878 modis
773 1813 928 1878 distracta
950 1813 1104 1890 laborent,

249 1939 306 1981 cur
328 1916 442 1981 eadem
465 1917 569 1982 credis
591 1917 662 1982 sine
684 1939 813 2003 corpore
835 1917 870 1981 in
892 1939 965 1983 aere
988 1926 1099 2003 aperto

249 2043 323 2084 cum
346 2021 463 2085 validis
486 2020 595 2085 ventis
618 2029 760 2085 aetatem
783 2020 899 2104 degere
921 1995 1059 2106 possell

249 2132 283 2188 et
305 2123 458 2208 quoniam
482 2131 626 2188 mentem
649 2123 762 2199 sanari,
784 2145 897 2209 corpus
920 2131 957 2188 ut
979 2145 1120 2210 aegrum,
1304 2139 1368 2204 510

249 2227 410 2291 cernimus
432 2235 468 2292 et
490 2227 579 2292 flecti
601 2228 761 2292 medicina
783 2249 874 2313 posse
896 2229 1052 2304 videmus,

249 2329 283 2393 id
305 2352 434 2417 quoque
457 2331 621 2417 praesagit
644 2331 813 2395 mortalem
836 2332 945 2396 vivere
966 2305 1129 2450 mentem!

249 2432 367 2498 addere
389 2434 478 2498 enim
501 2434 604 2518 partis
625 2445 685 2498 aut
707 2434 819 2498 ordine
840 2433 993 2499 traiecere
1015 2442 1159 2498 aecumst

249 2545 308 2601 aut
330 2537 455 2622 aliquid
477 2560 625 2624 prorsum
647 2537 688 2602 de
710 2560 837 2603 summa
858 2537 1027 2602 detrahere
1049 2537 1160 2612 hilum,

250 2649 450 2705 commutare
472 2640 618 2705 animum
642 2641 838 2727 quicumque
859 2641 1003 2706 adoritur
1024 2649 1058 2705 et
1080 2640 1153 2704 infit
1307 2655 1366 2722 515

250 2751 308 2806 aut
331 2743 429 2807 aliam
452 2745 600 2828 quamvis
622 2752 773 2808 naturam
795 2745 923 2809 flectere
945 2744 1079 2828 quaerit,

250 2855 286 2909 at
307 2868 414 2932 neque
438 2848 605 2912 transferri
627 2847 690 2912 sibi
712 2848 813 2933 partis
835 2869 895 2912 nec
916 2847 1017 2911 tribui
1039 2847 1110 2910 vult

250 2949 423 3015 inmortale
445 2949 532 3035 quod
554 2960 605 3016 est
627 2950 801 3035 quicquam
824 2972 928 3035 neque
951 2949 1091 3014 defluere
1114 2908 1241 3071 hilum}

251 3071 329 3116 nam
352 3053 578 3138 quodcumque
602 3053 669 3117 suis
691 3061 857 3117 mutatum
879 3053 997 3116 finibus
1019 3052 1095 3128 exit,

253 3156 407 3219 continuo
430 3155 490 3219 hoc
512 3177 597 3219 mors
620 3164 670 3219 est
693 3155 780 3219 illius
802 3155 887 3240 quod
910 3155 973 3219 suit
994 3133 1094 3255 autel
1308 3168 1371 3234 520

252 3255 332 3343 ergo
350 3258 480 3322 animus
501 3258 569 3322 sive
591 3257 758 3344 aegrescit,
780 3258 927 3322 mortalia
948 3258 1040 3344 signa

252 3362 367 3439 mittit,
390 3362 442 3425 uti
464 3352 568 3439 docui,
590 3384 648 3426 seu
671 3361 815 3426 flectitur
837 3385 856 3426 a
878 3328 1066 3454 medicinal

252 3486 355 3549 usque
377 3464 458 3528 adeo
482 3464 581 3528 salsae
603 3464 721 3528 rationi
744 3487 820 3528 vera
841 3464 969 3529 videtur

253 3587 304 3630 res
327 3587 492 3630 occanere
515 3575 549 3630 et
572 3567 730 3652 effugium
754 3566 959 3652 praecludere
983 3567 1076 3630 eunti

253 3670 454 3755 ancipitique
477 3671 622 3734 refutatu
645 3671 833 3735 convincere
856 3651 1000 3763 falsum(
1309 3685 1367 3751 525

296 3773 447 3858 Denique
471 3795 566 3858 saepe
590 3773 753 3837 hominem
777 3774 933 3858 paulatim
956 3773 1114 3837 cernimus
1137 3773 1181 3837 ire

168 4023 211 4074 old
227 4024 279 4074 eds.
296 4025 336 4073 for
353 4041 412 4088 qua.
512 4026 559 4077 493
577 4033 682 4088 spumat,
701 4029 774 4089 qnasi
791 4029 820 4075 in
835 4026 912 4076 Laeli
930 4027 969 4075 for
985 4041 1100 4088 apuniana
1118 4029 1153 4083 ia,
1171 4028 1238 4073 most
1255 4025 1369 4087 acutely:

170 4106 264 4154 former
280 4110 422 4155 correctore
437 4105 490 4154 and
505 4105 608 4162 editors,
626 4120 689 4154 eren
704 4106 804 4164 hamb..
820 4105 872 4156 had
887 4107 957 4168 quite
972 4107 1100 4155 mistakcn
1116 4106 1160 4156 the
1174 4107 1303 4170 meaning,
1318 4109 1371 4158 and

167 4186 253 4249 joined
264 4202 338 4249 aperis
351 4191 463 4237 aniciam
474 4188 537 4236 with
548 4191 587 4236 vir
598 4191 691 4237 morbi:
710 4189 777 4238 their
788 4190 890 4238 various
902 4189 1018 4250 readings
1029 4203 1071 4238 are
1087 4194 1132 4239 not
1148 4188 1229 4238 worth
1244 4191 1370 4240 mention·

170 4266 228 4328 ing:
246 4267 320 4319 ch.
334 4267 357 4317 is
369 4268 511 4331 unusually
522 4283 647 4330 perverse.
751 4272 798 4321 497
810 4272 947 4320 Eiciuntur
958 4269 1047 4318 lamb.
1060 4270 1099 4318 for
1110 4273 1271 4320 illiciuntur:
1288 4286 1329 4321 see
1341 4273 1373 4321 58

171 4347 223 4397 and
233 4363 260 4397 rv
272 4349 328 4398 945.
430 4351 477 4399 523
489 4353 585 4398 rationi
597 4350 661 4399 Mar.
673 4349 729 4401 Ald.
745 4352 758 4399 1
771 4351 842 4400 Junt
854 4351 894 4400 for
904 4354 1018 4401 rationis.
1122 4351 1170 4400 525
1180 4353 1294 4414 refutata
1306 4352 1370 4403 Mar.
