3008 4800
736 208 786 272 VI

241 395 356 458 corpus
378 380 417 437 ut
438 371 625 437 exanimum
648 371 763 457 siquod
785 372 894 457 procul
917 372 986 456 ipse
1008 372 1112 437 iacere

243 476 419 561 conspicias
441 474 590 553 hominis,
612 475 651 539 fit
673 483 712 539 ut
734 475 837 539 omnis
859 475 965 539 dicere
987 497 1098 539 causas

242 580 414 644 conveniat
436 579 504 657 leti,
527 579 655 643 dicatur
677 587 715 643 ut
737 579 825 644 illius
847 553 940 658 unal

242 706 318 747 nam
341 705 446 769 neque
468 705 543 747 eum
567 683 650 746 ferro
672 705 732 746 nec
754 683 871 769 frigore
893 683 1021 746 vincere
1043 681 1145 767 possis

242 786 404 850 interiisse
427 807 533 870 neque
555 807 575 848 a
596 785 707 849 morbo
729 807 835 869 neque
857 785 939 849 forte
961 807 1094 862 veneno,

242 913 355 954 verum
378 890 501 975 aliquid
524 910 642 975 genere
665 909 735 952 esse
757 911 797 952 ex
820 889 879 952 hoc
901 887 988 973 quod
1010 889 1149 975 contigit
1172 887 1203 952 ei

241 993 368 1058 scimus.
398 993 479 1056 item
502 992 537 1055 in
560 991 674 1056 multis
697 991 757 1057 hoc
779 993 875 1056 rebus
897 991 1003 1057 dicere
1026 970 1216 1080 habemusl

286 1095 384 1159 Nilus
406 1094 441 1158 in
463 1101 621 1158 aestatem
645 1093 759 1157 crescit
781 1095 966 1180 campisque
988 1095 1156 1174 redundat,

147 1241 149 1246 ·
241 1199 356 1264 unicus
377 1199 413 1262 in
435 1197 530 1262 terris
552 1196 698 1283 Aegypti
721 1197 825 1261 totius
848 1175 971 1277 amnisl

243 1304 272 1368 is
294 1303 380 1389 rigat
402 1302 591 1386 Aegyptum
615 1299 759 1365 medium
781 1322 840 1385 per
861 1322 957 1386 saepe
979 1301 1126 1377 calorem,

243 1414 302 1471 aut
325 1405 402 1490 quia
423 1412 501 1468 sunt
523 1411 649 1469 aestate
671 1404 838 1490 aquilones
859 1405 943 1469 ostia
965 1413 1084 1483 contra,

243 1510 321 1574 anni
343 1518 489 1594 tempore
511 1529 549 1572 eo
571 1508 629 1594 qui
651 1508 772 1573 etesiae
794 1531 864 1572 esse
886 1508 1042 1586 feruntur,

243 1621 277 1679 et
299 1621 411 1677 contra
433 1612 570 1677 fiuvium
593 1612 711 1675 flantes
732 1621 937 1677 remorantur
958 1622 992 1678 et
1014 1614 1117 1678 undas

243 1724 396 1803 cogentes
417 1737 529 1780 sursus
550 1715 679 1800 replent
700 1723 885 1801 coguntque
908 1697 1065 1803 manere}

243 1841 319 1883 nam
342 1817 442 1883 dubio
464 1817 574 1902 procul
597 1817 677 1881 haec
699 1817 832 1882 adverso
854 1818 955 1882 flabra
976 1819 1126 1883 feruntur

209 1920 211 1924 ⁴
243 1923 387 1999 flumine,
408 1943 492 2006 quae
514 1920 630 2006 gelidis
651 1921 694 1984 ab
715 1921 818 1985 stellis
839 1922 909 1985 axis
931 1905 1095 2008 aguntur}

245 2024 300 2088 ille
322 2046 362 2087 ex
384 2023 537 2088 aestifera
557 2022 645 2108 parti
666 2022 759 2087 venit
780 2024 884 2087 amnis
906 2024 948 2089 ab
969 2032 1088 2102 austro,

244 2127 331 2191 inter
352 2126 445 2210 nigra
466 2126 571 2197 virum
595 2133 743 2211 percocto
765 2128 869 2190 saecla
890 2127 993 2192 colore

246 2230 393 2295 exoriens
412 2229 548 2315 vpenitus
570 2229 679 2294 media
700 2230 742 2295 ab
764 2231 895 2318 regione
917 2220 1008 2332 diei}

245 2343 297 2400 est
319 2355 447 2421 quoque
471 2333 522 2398 uti
542 2332 645 2419 possit
668 2355 806 2421 magnus
828 2343 1000 2420 congestus
1022 2335 1160 2399 harenae

246 2440 400 2505 fluctibus
422 2439 565 2504 adversis
587 2437 731 2524 oppilare
754 2438 838 2503 ostia
860 2446 981 2515 contra,

245 2567 320 2608 cum
341 2564 430 2606 mare
452 2550 638 2628 permotum
660 2540 766 2606 ventis
787 2541 855 2605 ruit
876 2541 967 2607 intus
988 2542 1160 2619 harenam;

246 2669 310 2734 quo
332 2647 371 2710 fit
393 2645 445 2710 uti
467 2652 562 2731 pacto
584 2644 667 2709 liber
688 2645 796 2709 minus
818 2645 926 2709 exitus
948 2646 1037 2710 amni

246 2759 280 2816 et
303 2750 451 2835 proclivis
474 2749 554 2813 item
577 2748 636 2812 fiat
659 2748 767 2812 minus
789 2748 933 2834 impetus
955 2720 1071 2870 undis!

246 2855 285 2918 fit
308 2874 435 2939 quoque
457 2851 509 2916 uti
530 2851 671 2936 pluviae·
684 2851 790 2915 forsan
811 2851 915 2937 magis
938 2852 984 2917 ed
1000 2861 1100 2938 caput
1123 2852 1155 2916 ei

247 2968 392 3043 tempore
415 2979 453 3022 eo
475 2957 567 3033 fiant,
588 2955 675 3041 quod
698 2956 800 3020 etesia
821 2957 922 3020 flabra
943 2956 1132 3042 aquilonum

245 3062 360 3126 nubila
380 3060 545 3125 coniciunt
567 3059 602 3123 in
624 3081 679 3124 eas
701 3066 781 3122 tunc
802 3060 911 3124 omnia
932 3032 1063 3145 partisl

246 3166 369 3230 scilieet
391 3164 433 3228 ad
456 3163 598 3228 mediam
620 3163 786 3250 regionem
808 3163 912 3227 eiecta
933 3162 1000 3227 diei

245 3291 319 3332 cum
342 3273 570 3342 convenerunt,
592 3266 640 3330 ibi
661 3266 703 3329 ad
725 3265 807 3329 altos
829 3265 969 3352 denique
991 3266 1110 3330 montis

247 3379 417 3435 contrusae
439 3368 543 3433 nubes
565 3359 726 3455 coguntur
749 3369 845 3454 vique
867 3348 1084 3455 premunturl

246 3473 381 3538 forsitan
403 3471 604 3556 Aethiopum
627 3471 759 3556 penitus
781 3461 822 3535 de
845 3472 1012 3536 montibus
1034 3470 1109 3536 altis
1302 3487 1365 3554 735

160 3704 225 3752 Mar.
237 3703 308 3752 Junt.
324 3701 415 3750 Lamb.
427 3704 475 3750 eto.
487 3699 619 3760 wrongly:
637 3713 679 3748 see
690 3698 770 3748 Lech.
782 3713 815 3746 111
827 3699 866 3750 94.
997 3700 1045 3751 705
1057 3701 1139 3748 iacere
1150 3699 1219 3748 Flor.
1231 3699 1263 3747 31
1276 3697 1369 3749 (lamb.

160 3784 231 3835 Brix.
243 3785 310 3834 Mar.
322 3784 363 3832 for
372 3785 474 3832 iaceret.
573 3782 622 3832 708
634 3795 693 3830 nom
703 3796 783 3844 neque
795 3781 863 3830 Flor.
876 3782 907 3829 31
919 3780 1009 3830 (lamb.
1019 3781 1086 3829 Mar.
1100 3781 1264 3842 toruumque.

193 3869 241 3919 710
254 3869 346 3916 Verum
361 3865 425 3914 Mar.
438 3864 496 3914 Ald.
510 3865 523 3912 1
539 3863 556 3912 J
559 3864 614 3912 unt.
625 3863 666 3912 lor
685 3865 782 3912 Utrum.
816 3866 923 3925 contigit
938 3865 963 3912 ei
978 3863 1033 3928 (eii)
1045 3863 1081 3915 Is.
1096 3864 1170 3914 Voss.
1187 3862 1215 3911 in
1230 3876 1281 3911 ms.
1293 3865 1369 3913 notos

159 3949 201 3998 for
212 3950 341 3999 coatioitel
352 3947 383 4006 Α,
394 3948 514 3996 conticite
529 3946 560 4004 B,
572 3947 704 3994 conticit&
720 3945 791 3994 Nice.
803 3947 854 3994 two
865 3945 941 3996 vm:
955 3960 972 3994 a
982 3944 1081 3994 certain
1096 3944 1248 3994 correction.
1282 3947 1370 3996 corceio

160 4033 231 4081 dicat
247 4031 316 4080 Flor.
329 4032 359 4079 31
377 4034 427 4078 two
445 4028 601 4078 Vat.A1d.1
619 4026 713 4077 Lamb.
725 4027 764 4078 ed.
774 4028 794 4075 ’1
811 4027 864 4077 and
875 4029 900 4076 3.
933 4029 1019 4078 contro
1035 4030 1121 4077 credat
1138 4026 1227 4078 camb.
1241 4041 1291 4076 one
1307 4029 1368 4080 Vat.

160 4115 229 4164 Mon
245 4114 319 4163 Junt.
331 4112 421 4162 bamb.
436 4112 477 4161 od.
490 4113 514 4161 3.
613 4112 661 4162 719
666 4112 753 4172 flabra
764 4111 833 4159 Flor.
845 4112 876 4158 31
889 4110 978 4160 (lamb.
991 4110 1049 4159 Ver.
1061 4109 1127 4160 Ven.
1140 4110 1278 4172 forflabro.

1 4178 2 4231 ἶ
101 4223 104 4227 ,
193 4195 399 4248 rotomorum.
412 4194 487 4243 Junt.
500 4193 642 4243 toramen.
708 4191 1131 4244 729eiABNioo.a11Vst.Brix.
1145 4190 1278 4241 raven.
1315 4192 1371 4241 aas

160 4277 230 4327 Flor.
242 4279 272 4326 31
286 4276 376 4327 (lamb.
389 4276 466 4324 Pont.
478 4275 544 4324 Mar.
555 4273 612 4326 Ald
629 4276 643 4322 1
654 4274 727 4324 Junt.
739 4274 808 4335 vulg.
820 4274 906 4324 before
916 4274 995 4325 Lech.
1075 4276 1123 4326 730
1135 4274 1202 4336 quod
1213 4273 1279 4323 Mar.
1293 4272 1370 4324 Junt.

160 4359 258 4422 rightly
269 4359 309 4409 lor
320 4375 378 4422 quo,
391 4373 421 4409 as
433 4366 492 4407 tunc
503 4357 619 4412 follows:
636 4355 684 4405 but
695 4371 724 4406 ss
735 4356 751 4405 J
753 4359 809 4406 unt.
818 4356 904 4406 writes
915 4356 937 4406 it
948 4355 1167 4419 compendiously‚
1176 4370 1211 4405 no
1223 4370 1272 4405 one
1282 4353 1371 4407 before
