3008 4800
760 176 810 241 IV

273 336 372 421 idque
394 336 479 421 petit
502 358 624 421 corpus
647 358 738 401 mens
761 337 846 402 unde
869 344 918 401 est
940 337 1048 400 saucia
1069 307 1201 503 amores¹

273 462 414 525 namque
437 462 548 504 omnes
569 440 760 525 plerumque
782 441 903 504 cedunt
925 441 959 503 in
982 439 1098 504 vulnus
1121 448 1155 504 et
1177 438 1267 503 llam

273 543 392 607 emicat
414 543 449 607 in
472 552 597 628 partem
620 542 750 629 sanguis
773 543 858 608 unde
880 543 996 607 icimur
1017 543 1095 618 ictu,
1307 557 1392 624 1050

272 656 307 711 et
330 649 357 711 si
380 647 559 711 comminus
581 656 640 722 est,
662 647 787 711 hostem
809 647 906 712 ruber
927 654 1061 731 occupat
1084 668 1188 712 umor.»

272 752 318 815 sie
340 751 442 837 igitur
463 751 600 815 Veneris
622 751 678 835 qui
700 751 775 814 telis
796 751 914 836 accipit
936 751 1029 826 ictus,

272 855 340 917 sive
362 876 444 939 puer
466 853 619 917 membris
641 853 853 917 muliebribus
875 854 962 918 huno
983 855 1143 918 iaculatur

272 979 329 1021 seu
353 956 470 1021 mulier
491 964 562 1021 toto
584 956 707 1020 iactans
729 978 748 1020 e
770 978 898 1040 corpore
921 979 1073 1033 amorem,

272 1061 359 1125 unde
382 1059 505 1135 feritur,
528 1081 566 1122 eo
588 1058 696 1141 tendit
717 1058 883 1144 gestitque
905 1059 989 1122 coire
1307 1072 1388 1140 1055

271 1173 306 1228 et
328 1164 434 1228 iacere
456 1184 602 1226 umorem
625 1161 660 1225 in
682 1184 796 1247 corpus
817 1161 858 1226 de
879 1184 1009 1247 corpore
1031 1163 1186 1243 ductum3

270 1289 412 1353 namque
434 1266 636 1351 voluptatem
659 1266 820 1352 praesagit
841 1276 933 1331 muta
954 1243 1095 1383 cupido)

316 1370 407 1434 Haec
430 1369 542 1432 Venus
564 1376 614 1433 est
636 1369 746 1448 nobis;
774 1369 850 1434 hinc
871 1378 1014 1436 autemst
1035 1392 1153 1435 nomen
1174 1370 1301 1449 amoris,

271 1472 348 1536 hinc
370 1472 463 1535 illaec
485 1461 627 1555 primum
650 1470 784 1536 Veneris
806 1471 985 1537 dulcedinis
1007 1471 1041 1535 in
1064 1495 1118 1536 oor

269 1576 409 1641 stillavit
432 1583 530 1661 gutta
551 1584 586 1640 et
608 1575 762 1664 successit
783 1575 899 1662 frigida
921 1562 1023 1669 eural
1307 1579 1391 1642 1060
1422 1591 1425 1594 ’

270 1702 347 1742 nam
369 1679 397 1742 si
419 1678 513 1742 abest
534 1677 621 1762 quod
643 1700 740 1753 ames,
761 1690 888 1763 praesto
910 1679 1082 1744 simulacra
1103 1689 1214 1744 tamen
1236 1688 1316 1744 sunt

269 1782 358 1846 illius
381 1790 415 1845 et
437 1802 555 1845 nomen
578 1770 881 1846 dulce'obversatur
902 1782 944 1846 ad
966 1758 1076 1895 auris(

257 1883 328 1948 'sed
349 1883 488 1966 fugitare
510 1883 604 1948 decet
626 1883 796 1948 simulacra
817 1892 851 1948 et
873 1884 992 1970 pabula
1014 1885 1130 1949 amoris

269 1989 449 2052 absterrere
472 1987 534 2052 sibi
555 1995 655 2072 atque
677 1987 741 2051 alio
763 1995 949 2052 convertere
971 1998 1115 2053 mentem

269 2100 305 2156 et
326 2091 431 2156 iacere
453 2113 598 2156 umorem
621 2090 800 2156 conlectum
822 2091 857 2154 in
879 2113 1009 2177 corpora
1031 2113 1178 2178 quaeque
1306 2093 1387 2175 1065

270 2217 330 2259 neo
352 2195 501 2270 retinere,
523 2194 622 2258 semel
646 2217 833 2259 conversum
857 2195 954 2259 unius
975 2217 1091 2271 amore,

270 2307 306 2364 et
328 2320 455 2362 servare
477 2297 540 2362 sibi
562 2319 672 2362 curam
694 2306 882 2382 certumque
903 2276 1071 2410 dolorem!

271 2403 364 2467 ulcus
386 2401 474 2466 enim
496 2400 633 2465 vivescit
655 2409 689 2465 et
710 2400 918 2465 inveterascit
939 2401 1053 2465 alendo

269 2506 369 2592 inque
391 2504 461 2568 dies
482 2503 591 2590 gliscit
612 2504 700 2569 furor
720 2512 819 2589 atque
841 2526 994 2568 aerumna
1015 2503 1183 2591 gravescit,

270 2609 299 2674 si
321 2632 386 2673 non
408 2609 514 2693 prima
535 2608 629 2673 novis
650 2608 821 2672 conturbes
845 2607 976 2672 volnera
997 2608 1100 2694 plagis
1279 2646 1281 2648 ·
1306 2626 1391 2692 1070

270 2713 506 2800 volgivagaque
528 2733 630 2799 vagus
652 2711 778 2776 Venere
799 2719 876 2775 ante
898 2711 1041 2775 recentia
1063 2733 1154 2777 cures

269 2825 330 2881 aut
353 2815 420 2880 alio¹
437 2816 540 2901 possis
562 2814 664 2879 animi
689 2813 855 2880 traducere
878 2784 1007 2912 motusl

315 2919 386 2984 Neo
408 2917 544 2982 Veneris
566 2919 675 2982 fructu
697 2926 784 2982 caret
806 2918 834 2981 is
856 2918 914 3003 qui
935 2917 1020 2982 vitat
1041 2940 1190 2995 amorem,

270 3022 337 3111 sed
350 3021 459 3107 potius
480 3043 565 3106 quae
587 3028 665 3085 sunt
686 3020 755 3085 sine
778 3043 880 3105 poena
902 3021 1069 3086 commoda
1090 3021 1209 3099 sumit3

271 3148 347 3188 nam
370 3124 465 3188 certe
479 3130 593 3209 purast
614 3123 700 3188 sanis
722 3123 825 3209 magis
847 3124 923 3189 inde
945 3125 1093 3209 voluptas
1305 3137 1386 3204 1075

270 3251 370 3314 quam
393 3228 525 3292 miseris
556 3227 679 3292 etenim
700 3227 849 3313 potiundi
872 3236 1016 3314 tempore
1039 3227 1165 3313 inipso

271 3334 410 3398 fluctuat
432 3332 563 3397 incertis
586 3333 745 3396 elroribus
767 3334 860 3397 ardor
881 3317 1049 3397 amantum

271 3460 330 3501 nee
352 3446 479 3502 constat
501 3436 579 3522 quid
602 3437 744 3522 primum
766 3437 865 3501 oculis
888 3437 1101 3522 manibusque
1123 3437 1281 3502 fruantur.

182 3673 248 3722 Mar.
271 3672 330 3721 Ald.
355 3673 369 3720 1
392 3672 465 3721 Junt.
486 3672 526 3723 ior
542 3674 643 3721 advitc.
784 3670 953 3721 1047=1o³4.
1097 3670 1160 3720 1057
1179 3676 1249 3719 muta
1271 3668 1293 3716 A
1316 3669 1389 3717 Nico.

179 3742 252 3806 Flor.
267 3757 299 3803 31
312 3755 404 3804 (iamb.
417 3755 488 3804 Mon.
501 3754 544 3804 old
554 3754 608 3804 eds.
620 3755 693 3806 Junt.
745 3750 750 3759 “
860 3753 1077 3803 multoBAvanc.
1090 3753 1201 3814 Nauger.
1213 3751 1305 3801 Lamb.
1317 3751 1387 3812 vulg.

184 3837 271 3888 before
294 3838 375 3887 Lech.
565 3837 628 3886 1058
647 3853 742 3887 moveo.
775 3851 869 3885 oronim
887 3835 966 3885 Laoh.
986 3838 1054 3884 most
1077 3834 1265 3898 unpoetioaliy;
1294 3834 1390 3884 Oreech

184 3935 256 3970 more
277 3920 415 3982 elegantly‚
437 3919 483 3969 but
505 3918 615 3968 without
641 3920 778 3980 necessity,
799 3933 903 3967 novun:
937 3933 979 3967 soe
1005 3916 1094 3968 Camb.
1119 3917 1211 3968 Journ.
1236 3917 1264 3966 of
1288 3915 1353 3979 phil.
1380 3932 1390 3966 1

177 4017 208 4065 p.
226 4002 267 4051 35.
301 4000 381 4050 Lech.
402 4002 458 4050 also
478 4001 506 4049 in
526 4000 571 4050 the
591 4004 653 4049 next
672 4015 742 4049 verse
761 4000 875 4062 wrongly
894 4001 956 4061 puts
978 4014 993 4048 a
1014 4003 1072 4062 stop
1095 4003 1122 4048 at
1142 4000 1225 4048 illaec
1270 3998 1389 4046 ilbrech

177 4069 247 4134 coir.
266 4084 307 4133 ror
324 4085 369 4132 uu
385 4084 416 4141 A,
434 4085 483 4132 on
499 4084 531 4132 Β.
571 4084 649 4132 unm
668 4081 738 4131 uin.
758 4097 807 4131 one
827 4081 884 4133 vat.
928 4083 977 4130 ca
996 4089 1020 4131 ei
1039 4081 1107 4131 rior.
1129 4082 1160 4129 31
1181 4080 1269 4130 camb.
1293 4081 1308 4128 3
1328 4080 1388 4128 vat.

181 4166 257 4216 Pont.
388 4166 452 4215 1060
464 4167 576 4229 frigido.
605 4167 711 4228 fervido
722 4165 786 4213 Mar.
799 4164 873 4213 Junt.
887 4163 1075 4228 (notNauger.)
1089 4163 1191 4213 Oreeoh.
1324 4163 1388 4212 1061

175 4263 256 4297 omes.
290 4263 348 4296 aves
365 4246 445 4296 Laoh.
457 4247 568 4297 without
580 4246 724 4310 necessity:
741 4261 783 4295 see
794 4251 869 4295 notes
881 4249 903 4299 2.
1005 4247 1067 4296 1065
1085 4248 1222 4296 cathetum
1236 4245 1387 4308 (collectum)

180 4328 259 4380 Junt.
274 4332 322 4378 not
333 4329 409 4377 Pont.
421 4344 451 4378 or
464 4329 528 4380 Mar.
544 4328 584 4378 for
595 4331 739 4391 coniectura
775 4337 914 4389 concerto-m
924 4329 1020 4378 Avanc.
1033 4332 1060 4378 at
1071 4327 1121 4376 end
1132 4326 1161 4376 oi
1169 4326 1297 4377 Catullus.
