3008 4800
730 223 767 287 II

228 406 375 471 quaeque
398 385 432 446 in
455 399 489 448 se
512 383 650 459 cohibet,
673 384 820 467 palantia
843 383 949 449 sidera
971 386 1099 469 passim,

230 488 404 571 lunamque
427 495 461 549 et
483 485 560 548 solis
582 487 746 570 praeclara
770 487 840 550 luce
864 487 1021 567 nitorem3

231 590 339 652 omnia
361 611 444 672 quae
467 612 554 652 nunc
577 590 604 652 si
627 590 771 674 primum
795 590 985 654 mortalibus
1009 601 1124 669 essent,

231 714 270 755 ex
294 692 454 776 inproviso
477 693 504 755 si
527 716 615 756 nunc
637 693 766 757 obiecta
789 704 931 779 repente,

231 795 309 879 quid
333 796 436 882 magis
458 796 509 860 his
532 796 629 860 rebus
651 805 780 882 poterat
804 798 952 862 mirabile
976 799 1040 862 dici
1272 816 1349 882 1035

231 906 289 962 aut
311 898 419 963 minus
440 907 518 963 ante
541 900 628 984 quod
650 900 810 964 auderent
833 901 900 964 fore
922 902 1051 966 credere
1073 867 1229 997 gentesfi

231 1000 287 1076 nil,
309 1010 347 1066 ut
369 1002 498 1087 opinor:
529 1003 577 1065 ita
599 1002 679 1066 haec
701 1003 825 1087 speeies
847 1003 994 1067 miranda
1016 985 1159 1103 fuisset}

233 1127 330 1191 quam
352 1105 415 1169 tibi
437 1107 502 1169 iam
525 1128 629 1181 nemo,
652 1106 756 1170 fessus
778 1107 898 1173 satiate
921 1107 1061 1185 videndi,

234 1209 394 1292 suspicere
417 1210 451 1272 in
473 1209 555 1273 caeli
577 1209 733 1294 dignatur
756 1209 865 1274 lueida
887 1202 1046 1315 templati

234 1309 345 1375 desine
367 1318 565 1396 quapropter
586 1312 733 1375 novitate
757 1313 933 1376 exterritus
955 1313 1026 1397 ipsa

234 1433 374 1497 expuere
396 1435 436 1477 ex
459 1412 568 1476 animo
590 1413 759 1490 rationem,
782 1413 839 1478 sed
861 1415 965 1500 magis
987 1414 1052 1478 acri

234 1515 353 1580 iudicio
375 1516 539 1602 perpende
562 1526 606 1593 et,
628 1518 656 1582 si
678 1518 741 1582 tibi
763 1541 841 1582 vera
862 1518 1024 1596 videntur,

234 1619 316 1684 dede
338 1642 463 1697 manue,
485 1629 552 1696 aut,
575 1621 603 1684 si
626 1621 744 1685 fulsum
768 1630 826 1697 est,
849 1623 1015 1708 accingere
1038 1602 1168 1729 contrad

236 1721 364 1807 quaerit
385 1723 473 1786 enim
495 1722 654 1787 rationem
678 1724 817 1798 animus
838 1745 913 1788 cum
936 1747 1063 1789 summa.
1085 1726 1144 1789 loci
1166 1726 1209 1790 sit

236 1824 365 1889 infinita
387 1825 464 1889 foris
486 1826 566 1890 haee
588 1836 681 1890 extra
704 1828 832 1892 moenia
854 1828 977 1904 mundi,

237 1927 317 2013 quid
338 1928 382 1993 sit
405 1929 451 1993 ibi
474 1952 567 2014 porro
591 1953 655 2015 quo
677 1931 860 2017 prospicere
883 1954 985 2016 usque
1008 1932 1087 1998 velit
1110 1955 1199 1997 mens

237 2040 336 2117 atque
358 2033 461 2097 animi
483 2034 588 2097 iaetus
611 2033 693 2097 liber
715 2056 780 2120 quo
802 2036 949 2120 pervolet
970 2003 1064 2142 ipse]

282 2136 444 2223 Principio
466 2137 559 2201 nobis
582 2137 617 2200 in
639 2146 774 2203 cunctas
797 2138 942 2223 undique
965 2140 1066 2226 partis

238 2250 272 2306 et
294 2241 394 2306 latere
417 2265 457 2306 ex
481 2251 620 2328 utroque
642 2265 745 2328 supro
767 2254 944 2329 supterque
967 2267 1024 2329 per
1047 2266 1140 2308 omne

238 2345 329 2408 nullu
350 2354 401 2409 est
422 2345 516 2425 finis3
545 2347 596 2409 uti
618 2346 723 2423 docui,
745 2368 797 2410 res
819 2347 954 2432 ipsaque
977 2370 1034 2432 per
1056 2370 1090 2411 se

240 2448 440 2526 vociferatur,
463 2457 498 2512 et
520 2449 628 2513 elucet
651 2458 769 2513 natura
792 2430 967 2558 profundil

238 2555 327 2619 nullo
350 2553 416 2619 iam
438 2563 534 2640 pacto
557 2555 625 2619 veri
647 2554 754 2618 simile
777 2577 846 2619 esse
869 2555 1092 2638 putandumst,

238 2659 381 2743 undique
404 2680 479 2722 cum
502 2680 631 2722 vorsum
654 2658 798 2743 spatium
821 2669 915 2722 vacet
938 2658 1101 2722 infinitum

238 2761 425 2847 seminaque
448 2763 618 2827 innumero
640 2785 775 2827 numero
799 2784 990 2847 summaque
1012 2762 1169 2847 profunda

239 2864 440 2928 multimodis
464 2864 604 2928 volitent
626 2873 758 2928 aeterno
781 2865 906 2950 percita
929 2875 1028 2941 motu,

240 2963 326 3027 hunc
348 2986 451 3027 unum
474 2972 635 3029 terrarum
657 2964 767 3028 orbem
791 2965 981 3049 caelumque
1004 2974 1156 3041 creatum,

239 3067 285 3131 nil
307 3090 402 3155 agere
425 3068 482 3132 illa
504 3069 580 3133 foris
602 3076 653 3132 tot
676 3091 809 3154 corpora
832 3069 998 3142 materiai3

239 3194 313 3235 cum
335 3172 526 3258 praesertim
549 3172 603 3236 hio
625 3173 669 3236 sit
691 3183 810 3237 natura
833 3174 947 3250 factus
970 3183 1007 3237 ut
1030 3174 1099 3258 ipsa

238 3282 354 3359 sponte
375 3297 436 3339 sua
457 3275 539 3339 forte
562 3274 749 3339 offensando
772 3276 897 3340 semina
919 3298 1035 3352 rerum,

239 3377 440 3442 multimodis
463 3386 586 3442 temere
609 3379 771 3442 incassum
796 3381 979 3464 frustraque
1002 3388 1120 3454 coacta,
1280 3381 1361 3444 1060

152 3555 280 3604 videmus:
298 3556 440 3619 Principio,
453 3555 538 3603 ‘chief
553 3557 581 3603 of
597 3555 633 3604 all
642 3557 655 3605 ’.
692 3555 783 3608 bamb.
802 3556 851 3605 has
863 3559 994 3618 Prirwipio
1006 3557 1072 3619 quod
1083 3571 1131 3604 uon
1143 3570 1174 3603 m.
1187 3570 1217 3604 m.
1229 3571 1253 3604 o.
1266 3556 1359 3604 Paulu-

155 3640 209 3696 tim,
226 3639 291 3687 caeli
308 3642 356 3689 cet.
376 3653 410 3687 on
427 3653 463 3688 no
479 3637 621 3700 authority,
639 3638 738 3700 though
755 3639 788 3688 he
806 3640 911 3700 appeels
928 3643 955 3686 to
975 3641 1084 3686 ‘veteres
1100 3637 1158 3685 libri
1168 3637 1182 3685 ¹.
1298 3639 1360 3686 1031

154 3720 251 3769 cohibet
262 3719 341 3769 Isach.
355 3719 394 3768 for
404 3721 532 3768 cohibent:
550 3718 584 3767 he
594 3718 676 3781 justly
687 3718 804 3768 wonders
816 3733 851 3767 no
863 3733 912 3767 one
925 3718 1009 3766 before
1020 3717 1076 3766 him
1088 3732 1140 3765 saw
1149 3715 1209 3765 thia.
1243 3731 1361 3778 quemque

158 3803 302 3851 ...cohibent
317 3801 438 3863 previous
454 3801 560 3851 editore.
663 3803 726 3850 1033
743 3809 831 3850 essent.
866 3808 950 3850 extent
968 3799 1046 3849 Orelli
1063 3799 1142 3848 Lach.
1183 3799 1268 3847 adsint
1285 3799 1359 3846 Pont.

154 3883 226 3934 Jnnt.
244 3883 335 3933 hamb.
349 3887 412 3934 etc:
430 3882 475 3932 the
489 3882 623 3944 imperfect
639 3897 722 3931 seems
738 3897 887 3944 necessum
907 3881 1057 3930 Itherefore
1073 3880 1101 3928 in
1115 3879 1176 3928 1034
1192 3877 1251 3927 read
1263 3881 1285 3927 si
1297 3894 1361 3927 uum

154 3965 194 4015 for
208 3969 231 4015 si
245 3968 308 4016 siut:
326 3965 371 4015 the
387 3969 410 4015 ri
421 3981 473 4015 was
489 3966 593 4015 written
611 3963 685 4014 twice
694 3985 701 4026 ;
719 3964 801 4014 hence
818 3964 862 4014 the
879 3977 957 4013 error.
992 3965 1144 4012 esseut...E.c
1162 3961 1288 4024 inproviso
1306 3962 1360 4008 visu

152 4046 264 4093 subiecta
279 4044 355 4093 Bern.
475 4046 538 4095 1047
556 4047 640 4093 iaetus
658 4044 772 4092 Gronov.
789 4043 877 4092 Bentl.
895 4043 935 4091 for
953 4049 1039 4090 taetus.
1077 4043 1183 4090 interme
1201 4039 1263 4088 Mar.
1284 4038 1355 4088 Junt.

153 4124 238 4174 which
249 4124 319 4187 gives
330 4125 375 4174 the
386 4125 457 4186 right
469 4139 552 4174 sense.
599 4127 676 4173 libero
689 4139 736 4186 quo
745 4125 859 4186 pervolet
871 4122 967 4186 ipseB,
979 4123 1041 4170 uolet
1054 4121 1082 4170 A.
1121 4122 1182 4168 liber
1194 4119 1360 4182 quoperuolet

154 4207 294 4258 ireLamb.
381 4209 444 4258 1049
456 4222 534 4269 supra
545 4215 680 4270 supterque
692 4206 772 4258 Lech.
787 4206 885 4268 rightly
896 4207 937 4254 for
948 4220 1079 4266 superque.
1114 4216 1233 4264 superque
1245 4203 1361 4264 infraque

156 4287 270 4338 Politian
281 4288 310 4338 in
321 4304 400 4352 marg.
416 4289 485 4337 Flor.
498 4290 539 4350 29,
553 4291 673 4350 infraque
685 4303 807 4351 superque
820 4288 885 4336 Mar.
913 4288 1043 4347 subterque
1055 4285 1130 4334 Pont.
1158 4284 1228 4344 infru
1238 4297 1363 4346 supraque

155 4370 211 4422 Ald
228 4369 327 4421 lJunt.
339 4371 429 4421 hamb.
445 4370 513 4432 vulg.
607 4371 670 4419 1058
683 4379 710 4418 ut
722 4369 771 4420 Ed.
787 4370 827 4419 for
839 4377 877 4420 et:
894 4368 976 4417 Lach.
988 4368 1083 4416 inserts
1095 4374 1123 4414 ut
1134 4364 1218 4414 before
1230 4366 1323 4413 semino
1335 4363 1361 4410 in

1192 4467 1277 4527 8-‘l
