3008 4800
748 173 776 235 V

249 334 407 421 plorantis
429 335 562 424 fugiunt
584 335 754 400 summisso
776 358 904 421 corpore
927 304 1063 447 plagasl

249 440 390 526 denique
412 463 476 505 non
499 441 649 504 hinnitus
671 440 751 504 item
773 439 901 504 differre
924 440 1060 516 videtur,

248 545 335 609 inter
355 566 454 630 equas
476 544 534 607 ubi
557 566 659 629 equus
681 543 809 608 florenti
830 551 939 608 aetate
962 543 1115 608 iuvencus

248 648 411 735 pinnigeri
432 648 536 712 saevit
558 647 734 711 calcaribus
756 647 840 711 ictus
862 647 986 724 amoris,

248 760 283 814 et
305 751 472 814 fremitum
495 749 617 835 patulis
640 749 697 815 ubi
719 750 850 814 naribus
873 749 941 814 edit
964 749 1005 815 ad
1026 773 1124 826 arma,

248 864 282 916 et
305 873 379 916 curn
402 853 448 916 sic
469 852 549 916 alias
570 851 731 916 concussis
752 851 876 916 artibus
899 852 1030 916 hinnit?

247 965 410 1041 postremo
431 977 536 1042 genus
557 955 697 1019 alituum
720 954 889 1040 variaeque
911 955 1063 1030 volucres,

247 1060 417 1145 accipitres
439 1067 539 1145 atque
562 1057 734 1143 ossifragae
757 1059 922 1144 mergique
945 1057 1077 1121 marinis

248 1163 402 1227 fluctibus
424 1163 459 1226 in
481 1162 565 1226 salso
587 1161 710 1225 victum
727 1160 897 1246 vitamque
919 1170 1077 1247 petentes,

249 1266 344 1350 louge
366 1265 446 1330 alias
467 1265 532 1329 alio
554 1265 678 1329 iaciunt
700 1265 735 1328 in
757 1273 901 1350 tempore
923 1289 1023 1343 voces,

249 1379 284 1435 et
305 1392 404 1456 quom
425 1370 467 1435 de
490 1369 580 1434 victu
603 1377 729 1434 certant
751 1369 952 1455 praedaeque
975 1323 1182 1484 repugnanti

247 1481 282 1537 et
303 1473 424 1558 partim
446 1480 579 1537 mutant
601 1473 948 1558 cumtempestatibus
970 1495 1035 1560 una

246 1575 430 1640 raucisonos
452 1584 576 1652 cantus,
599 1575 762 1640 cornicum
785 1583 824 1640 ut
845 1575 951 1640 saecla
971 1584 1102 1640 vetusta

213 1704 216 1708 ⁴
247 1700 479 1763 corvorumque
500 1700 616 1764 greges
638 1677 696 1743 ubi
718 1669 835 1764 aquam
857 1678 1011 1743 dicuntur
1032 1686 1066 1743 et
1088 1678 1201 1743 imbris

248 1802 379 1867 poscere
402 1789 436 1845 et
458 1781 624 1845 interdum
648 1789 760 1846 ventos
781 1803 939 1867 aurasque
962 1762 1100 1872 vocare}

247 1907 323 1969 ergo
345 1885 373 1949 si
395 1884 477 1949 varii
499 1906 612 1950 sensus
634 1884 786 1949 animalia
807 1894 937 1972 cogunt,

247 1996 341 2053 muta
364 1997 474 2053 tamen
497 2011 572 2053 curn
595 1988 670 2066 sint,
694 1988 798 2054 varias
820 1990 970 2055 emittere
993 2012 1092 2068 voces

247 2102 371 2178 quanto
393 2093 538 2158 mortalis
561 2093 665 2181 magis
687 2102 831 2158 aecumst
855 2101 926 2158 turn
948 2094 1091 2180 potuisse

248 2196 414 2260 dissimilis
436 2197 501 2260 alia
523 2205 623 2282 atque
644 2196 708 2261 alia
730 2218 780 2261 res
802 2219 879 2282 voce
902 2164 1048 2292 notareil

291 2299 394 2383 [Illud
416 2301 450 2364 in
473 2301 525 2366 his
547 2301 644 2366 rebus
666 2300 787 2366 tacitus
809 2324 850 2367 ne
874 2302 956 2366 forte
978 2301 1130 2387 requiras,

248 2403 373 2467 fulmen
395 2403 516 2468 detulit
539 2404 574 2468 in
596 2413 716 2468 terram
738 2403 928 2468 mortalibus
950 2403 1059 2490 ignem

248 2506 410 2591 primitus,
431 2506 507 2571 inde
530 2506 635 2571 omnis
656 2507 860 2571 flammarum
882 2506 1007 2572 diditur
1028 2475 1147 2602 ardoni

196 2603 198 2610 ’
248 2611 355 2674 multa
377 2608 524 2674 videmus
548 2610 635 2674 enim
658 2610 850 2675 caelestibus
871 2609 967 2674 inlita
988 2610 1126 2674 flammis

248 2713 382 2800 fulgere,
404 2736 478 2778 curn
501 2714 582 2778 caeli
604 2713 739 2778 donavit
760 2714 857 2800 plaga
878 2737 1004 2800 vapore.

248 2825 283 2882 et
304 2840 432 2882 ramosa
453 2827 565 2882 tamen
587 2841 662 2883 curn
685 2819 792 2883 ventis
812 2819 906 2904 pulsa
928 2819 1010 2882 vacil
1023 2841 1080 2882 ans

247 2929 377 2986 aestuat
399 2922 432 2984 in
456 2944 562 2986 ramos
584 2922 774 2987 incumbens
796 2922 916 2986 arboris
938 2922 1039 3000 arbor,

248 3025 443 3110 exprimitur
465 3025 581 3090 validis
603 3026 743 3091 extritus
765 3027 888 3091 viribus
910 3026 994 3113 ignis

161 3263 204 3310 too
215 3259 295 3310 much
305 3260 319 3308 I
330 3248 415 3320 thinlr,¹
427 3276 476 3310 nor
487 3261 545 3312 doI
561 3277 603 3312 see
617 3278 670 3326 any
681 3264 733 3314 real
750 3263 886 3314 differenca
900 3264 928 3313 in
944 3279 1019 3314 sense
1035 3264 1147 3314 between
1162 3266 1299 3314 imitantur
1313 3265 1367 3314 and

162 3344 322 3392 arietantur.
444 3343 508 3393 1071
520 3345 612 3393 deserti
624 3346 765 3395 baubantur
775 3346 877 3396 Nonius
889 3346 958 3398 Nico.
974 3347 1015 3397 tor
1026 3347 1162 3396 (inertibus
1174 3348 1310 3405 nubantur,
1323 3346 1367 3397 ie.

161 3428 253 3476 deserti
263 3427 286 3475 b.
298 3427 432 3484 arctantur,
445 3426 501 3474 AB:
519 3441 547 3475 so
558 3416 792 3478 v11241Po'enibus
803 3436 844 3478 at:
861 3429 925 3477 Aen.
935 3443 963 3477 xr
975 3429 1022 3480 572
1031 3429 1155 3478 Nutritur
1167 3436 1194 3476 at
1205 3428 1235 3477 P.
1304 3429 1368 3478 1076

155 3511 256 3571 patulis
272 3510 316 3557 ubi
333 3510 437 3558 noritur
453 3508 533 3560 Lech.
550 3510 590 3558 ior
602 3512 700 3573 patalia
716 3513 761 3560 rub
777 3512 893 3561 nartem:
911 3510 965 3560 this
981 3509 1060 3573 slight
1076 3510 1174 3573 change
1191 3510 1305 3574 Iadopt,
1319 3511 1367 3561 but

162 3591 225 3642 with
239 3591 380 3642 hesitation
392 3591 432 3641 for
444 3591 519 3642 other
529 3606 635 3642 reasons
647 3592 699 3643 ond
710 3594 766 3644 also
777 3609 812 3643 on
823 3599 932 3645 account
947 3595 976 3643 oi
990 3594 1034 3644 the
1048 3599 1174 3658 apparent
1190 3594 1325 3645 imitation
1340 3596 1371 3645 oi

161 3672 244 3735 Virgil
259 3688 341 3736 georg.
362 3688 394 3723 111
409 3675 440 3724 85
459 3675 642 3738 Collectumque
654 3678 763 3738 frenreru
779 3677 860 3725 volvit
876 3677 921 3725 aab
937 3678 1041 3725 uuritm
1057 3678 1152 3738 iprwrr:
1173 3678 1264 3738 ‘turpe
1280 3679 1307 3725 et
1324 3675 1368 3725 ob·

111 3820 113 3826 Ι
162 3769 268 3805 suenum
284 3755 407 3817 loquendi
423 3756 519 3818 genus’
530 3757 610 3819 really
620 3771 705 3806 comes
722 3760 749 3807 to
766 3756 888 3820 nothing:
905 3758 968 3807 Aen.
987 3772 1013 3806 xr
1028 3759 1076 3810 736
1091 3761 1124 3807 At
1139 3774 1189 3808 uon
1203 3760 1232 3807 in
1250 3760 1368 3808 Venerem

162 3853 246 3900 reparer
258 3846 429 3902 nocturnaque
442 3841 520 3898 belie3
537 3854 622 3902 georg.
634 3854 666 3888 111
677 3842 709 3891 98
720 3841 844 3903 siquando
860 3842 895 3888 aa
904 3843 1005 3904 proelia
1019 3849 1119 3890 ventum
1135 3849 1180 3899 ert,
1192 3840 1244 3890 and
1259 3839 1305 3889 the
1315 3840 1369 3890 like

163 3934 206 3969 are
218 3920 289 3982 quite
300 3934 330 3971 as
341 3935 437 3971 course.
542 3921 606 3971 1080
616 3923 690 3972 eobo.
726 3923 801 3971 subu
813 3921 904 3974 Lamb.
919 3921 1018 3985 tacitly.
1129 3923 1192 3971 1082
1209 3924 1369 3986 ρναεάαιφιι

162 4001 257 4051 Arane.
269 4001 367 4065 rightly
379 4003 417 4053 ior
425 4005 610 4066 praedataque.
641 4005 785 4067 praedaque
796 4004 819 4052 A
830 4018 893 4056 corr.
907 4004 977 4054 Nice.
988 4004 1055 4066 vulg.
1139 4005 1202 4055 1084
1214 4014 1243 4054 ut
1254 4005 1365 4067 Nauger.

160 4084 201 4132 for
212 4092 245 4134 et.
278 4084 336 4133 Ald.
348 4085 362 4132 1
375 4085 448 4134 Junt.
460 4085 526 4134 omit
538 4085 583 4135 the
595 4085 664 4134 word
671 4103 678 4145 ;
695 4084 747 4134 and
759 4085 814 4134 also
826 4086 901 4145 Man,
913 4084 960 4135 but
970 4085 1004 4135 he
1014 4086 1125 4148 changes
1136 4088 1180 4135 ubi
1191 4085 1219 4134 of
1232 4089 1296 4135 next
1306 4101 1330 4134 v.
1341 4089 1370 4136 to

162 4167 208 4216 uti.
311 4168 375 4216 1088
386 4169 460 4216 Muta
471 4166 539 4218 Flor.
555 4169 585 4216 31
599 4168 662 4218 Mar.
677 4167 735 4217 Ald.
748 4169 762 4216 1
774 4167 790 4216 J
792 4171 848 4217 unt.
861 4168 900 4217 for
911 4171 1001 4218 Multa.
1120 4168 1184 4218 1000
1194 4183 1234 4217 rer
1243 4168 1315 4217 Nice.
1328 4169 1369 4218 for

162 4263 201 4297 re:
221 4263 306 4313 comp.
318 4265 344 4301 n.
357 4254 386 4300 to
398 4251 470 4300 1058.
570 4251 723 4301 1094irrtita
733 4249 812 4301 Lech.
828 4250 967 4300 ioriruite.
1000 4252 1079 4300 incita
1091 4249 1155 4299 Mar.
1168 4250 1240 4300 Junt
1256 4249 1325 4312 vulg.

195 4331 258 4382 1095
269 4347 360 4396 vapore
371 4332 450 4382 Lech.
464 4334 503 4382 ior
515 4335 628 4396 ruperia
662 4349 764 4396 vaporet
775 4332 844 4396 vulg.
877 4348 936 4382 vare
948 4330 1054 4381 Nonius.
1180 4331 1244 4382 1006
1255 4334 1292 4381 Et
1304 4332 1371 4382 Mar.
