3008 4800
669 222 761 285 ἸΙ

238 383 471 468 quiquoniam
494 381 634 464 quodam
657 381 839 466 gignuntur
862 381 994 444 luminis
1017 382 1094 456 ictu,
1195 414 1212 468 q

237 486 317 550 scire
341 485 425 558 licet,
448 484 518 546 sine
541 504 578 546 eo
601 483 672 546 fieri
695 504 758 546 non
782 504 875 566 posse
900 483 1084 566 putandum
1107 493 1166 548 est.

238 596 273 651 et
295 585 449 671 quoniam
473 584 588 669 plagae
612 584 775 670 quoddam
797 606 901 667 genus
925 584 1045 668 excipit
1069 585 1102 647 in
1126 607 1160 650 se

236 689 368 775 pupula,
390 711 464 752 cum
487 689 609 752 sentire
632 688 769 752 colorem
792 687 913 751 dicitur
935 687 1055 763 album,

236 802 335 879 atque
357 792 446 856 aliud
470 814 571 877 porro,
594 792 722 877 nigrum
746 813 820 854 cum
844 799 878 856 et
900 800 1008 856 cetera
1030 793 1140 869 sentit,

237 919 297 961 nec
319 898 416 961 refert
439 918 583 981 eaquae
607 905 722 982 tangas
745 918 808 980 quo
833 896 914 960 forte
937 896 1039 960 colore

235 1001 383 1086 praedita
405 1001 480 1076 sint,
502 1023 616 1064 verum
639 1001 728 1087 quali
751 1000 854 1086 magis
877 1009 956 1087 apta
979 1002 1091 1087 figura,

172 1147 178 1157 ·
236 1105 315 1168 scire
339 1104 415 1168 licet
438 1103 484 1167 nil
506 1103 674 1189 principiis
696 1125 778 1189 opus
800 1125 870 1167 esse
893 1104 1021 1180 colores,

236 1207 292 1272 sed
315 1206 411 1270 variis
433 1206 543 1270 formis
566 1205 727 1270 variantes
750 1205 845 1271 edere
868 1187 1027 1302 tactusih

282 1313 453 1374 Praeterea
475 1308 628 1394 quoniam
651 1331 716 1374 non
738 1309 835 1374 certis
857 1317 946 1373 certa
969 1308 1080 1394 figuris

236 1423 286 1478 est
307 1423 425 1478 natura
446 1413 559 1478 coloris
583 1422 617 1478 et
639 1414 747 1478 omnia
770 1413 1001 1499 principiorum

237 1518 450 1582 formamenta
472 1525 599 1602 queunt
621 1518 656 1582 in
678 1518 792 1602 quovis
814 1539 884 1583 esse
906 1518 1021 1596 nitore,

237 1644 294 1685 cur
316 1643 354 1685 ea
376 1642 460 1705 quae
482 1628 633 1685 constant
655 1643 696 1684 ex
719 1620 783 1685 illis
805 1643 870 1686 non
893 1621 1014 1706 pariter
1036 1630 1114 1686 sunt

236 1747 330 1788 omne
352 1745 455 1810 genus
477 1724 608 1808 perfusa
629 1722 787 1788 coloribus
809 1723 844 1787 in
866 1746 984 1809 genere
1007 1724 1117 1789 omni?
1130 1690 1168 1838 Γ

236 1827 448 1892 conveniebat
470 1827 557 1892 enim
581 1848 689 1891 corvos
711 1847 839 1911 qnoque
861 1847 958 1912 saepe
981 1827 1120 1893 volantis

238 1954 277 1996 ex
300 1931 382 1995 albis
404 1931 515 1995 album
539 1930 648 2016 pinnis
670 1931 790 1996 iactare
813 1931 959 2007 colorem,

235 2043 270 2098 et
291 2033 400 2120 nigros
422 2034 491 2099 fieri
514 2033 607 2120 nigro
628 2034 669 2099 de
692 2034 815 2098 semine
837 2056 968 2123 cycnosn

234 2147 293 2202 aut
315 2137 377 2202 alio
400 2137 513 2222 quovis
535 2159 601 2201 uno
623 2137 775 2222 varioque
798 2118 968 2249 coloreii‘

279 2241 367 2320 Quin
390 2241 489 2306 etiam
512 2248 635 2325 quanto
658 2240 692 2303 in
715 2248 824 2325 partes
846 2264 897 2305 res
920 2263 1066 2327 quaeque
1089 2241 1232 2306 minutas

234 2344 434 2409 distrahitur,
448 2343 561 2430 magis,
583 2343 644 2408 hoc
666 2343 770 2430 magis
793 2352 843 2408 est
866 2353 905 2409 ut
927 2367 1056 2410 cernere
1078 2344 1181 2430 possis

235 2470 423 2514 evanescere
445 2446 605 2532 paulatim
627 2447 816 2534 stinguique
839 2449 994 2527 colorem3

235 2560 274 2616 ut
296 2552 334 2616 fit
356 2552 413 2617 ubi
436 2552 470 2615 in
493 2573 608 2637 parvas
630 2552 732 2637 partis
754 2553 949 2638 discerpitur
971 2561 1137 2617 austrum:

235 2678 378 2742 purpura
398 2656 635 2741 poeniceusque
657 2657 742 2721 color
764 2656 952 2721 clarissimu'
975 2656 1088 2734 multo,

236 2761 351 2825 filatim
374 2782 448 2824 cum
471 2761 664 2824 distractum
687 2770 746 2836 est,
769 2760 966 2847 dispergitur
988 2760 1111 2839 omnis3

189 2870 191 2873 ’
235 2872 425 2937 noscereut
447 2863 523 2927 hinc
545 2863 647 2948 possis
669 2863 760 2948 prius
782 2885 912 2927 omnem
936 2862 1042 2928 efflare
1065 2863 1202 2927 colorem

234 2963 409 3051 particulas
432 2987 530 3051 quam
553 2964 721 3030 discedant
743 2965 785 3029 ad
807 2965 932 3029 semina
953 2933 1111 3052 rerumih

279 3069 443 3133 Postremo
466 3067 619 3154 quoniam
642 3090 706 3133 non
729 3070 838 3133 omnia
860 3091 990 3154 corpora
1013 3090 1122 3132 vocem

235 3173 366 3238 mittere
388 3172 536 3238 concedis
558 3195 665 3259 neque
687 3174 827 3250 odorem,
848 3184 1019 3258 propterea
1041 3172 1079 3236 fit

234 3286 273 3342 ut
296 3301 359 3342 non
382 3277 532 3342 omnibus
554 3277 722 3342 adtribuas
744 3277 870 3342 sonitus
893 3288 928 3341 et
950 3254 1080 3375 odores(

234 3384 280 3448 sic
303 3384 403 3448 oculis
425 3383 579 3469 quoniam
603 3404 666 3446 non
690 3383 799 3446 omnia
820 3404 950 3446 cernere
973 3380 1111 3466 quimus,

234 3489 314 3552 scire
337 3488 413 3552 licet
436 3487 594 3572 quaedam
619 3495 687 3551 tam
710 3495 855 3551 constare
878 3486 956 3550 orba
978 3485 1080 3549 colore

235 3615 332 3678 quam
356 3593 424 3656 sine
447 3592 542 3656 odore
566 3592 631 3656 ullo
654 3592 813 3677 quaedam
836 3592 1009 3676 sonituque
1032 3597 1164 3664 remota,

150 3808 220 3869 tarpo
237 3822 293 3855 cum
310 3807 363 3854 luce
374 3803 458 3853 which
472 3803 574 3865 maybe
592 3802 670 3865 right.
769 3803 817 3853 809
835 3805 905 3851 Scire
924 3804 989 3851 licet.
1026 3802 1130 3850 Scilicet
1145 3801 1175 3848 id
1191 3798 1281 3848 Lamb.
1317 3805 1354 3846 est

149 3904 201 3939 om.
213 3888 281 3940 Nico.
394 3888 441 3936 814
453 3890 504 3935 sint
516 3886 574 3936 Ald.
589 3888 602 3933 1
614 3886 685 3935 Junt.
701 3889 747 3934 not
759 3886 825 3933 Mar.
843 3884 883 3933 ior
893 3892 957 3935 runt.
1067 3884 1115 3932 815
1127 3897 1187 3946 opus
1199 3897 1249 3932 crac
1261 3883 1353 3931 colores

147 3971 238 4020 Lamb.
250 3971 317 4020 aiter
329 3968 428 4017 Nonius
440 3970 480 4016 tor
491 3971 571 4018 colore
583 3968 612 4017 ot
624 3983 701 4017 mss:
721 3981 763 4016 see
776 3966 856 4016 Lech.
989 3966 1036 4015 821
1050 3965 1123 4016 Omne
1135 3979 1211 4025 penna
1222 3963 1300 4012 Lech.
1314 3962 1352 4010 ior

151 4051 306 4114 Omittamus,
319 4065 348 4100 as
360 4052 416 4102 759.
453 4051 596 4112 Omniyenis
607 4050 676 4098 Nicc.
692 4051 759 4111 vulg.
878 4050 927 4098 829
938 4055 1057 4098 austrum.
1093 4053 1187 4096 ostrum
1196 4044 1268 4095 Wak.
1283 4045 1350 4106 conj.

147 4133 186 4182 for
202 4149 307 4183 aunam:
325 4132 372 4181 but
389 4131 433 4181 the
450 4131 519 4193 right
535 4132 707 4195 punctuation
725 4132 738 4179 I
755 4147 808 4181 owe
825 4134 852 4180 to
870 4131 965 4180 Goebcl
981 4133 1081 4192 quaest.
1098 4129 1174 4178 Luer.
1192 4128 1251 4177 erit.
1268 4143 1293 4190 p.
1313 4130 1351 4185 14,

147 4215 246 4280 though
264 4217 327 4265 Ven.
345 4214 402 4264 Ald.
421 4216 434 4263 1
451 4214 504 4263 and
519 4215 593 4264 Junt.
610 4214 675 4264 hare
691 4229 707 4264 a
723 4215 776 4264 full·
787 4221 846 4277 stop
861 4213 928 4263 aster
944 4229 1041 4264 aarum.
1078 4227 1159 4262 aaran
1170 4213 1289 4274 Purpura
1300 4210 1352 4261 and

147 4301 194 4348 831
217 4301 341 4348 distracta
364 4297 403 4345 ior
425 4299 573 4346 distractam
594 4295 675 4347 Lach.
701 4296 811 4346 without
832 4296 976 4358 judgment.
1017 4309 1107 4344 aarum
1128 4292 1214 4342 which
1236 4293 1352 4354 previous

146 4379 242 4431 editors
259 4380 343 4429 retain
359 4377 408 4428 has
424 4393 457 4427 no
475 4393 557 4427 sense.
591 4393 638 4427 usu
656 4379 731 4428 Bern.
752 4379 791 4427 ior
808 4393 907 4426 curura.
1035 4377 1083 4426 831
1100 4378 1254 4439 disperpitur
1271 4375 1348 4425 Lach.
